2496 4172
970 123 1444 240 gApofJolica
1459 191 1477 211 .

236 271 480 317 Definitorio
493 273 714 329 memorate
730 269 942 328 provincie
955 270 1021 314 die
1029 275 1202 328 906ὶο-

237 332 318 375 bris
354 343 473 386 1745.
490 358 503 381 ,
530 331 842 386 convocatisque
861 332 900 373 δι
920 330 1066 372 auditis
1087 333 1202 386 super

235 388 441 446 praemissis
456 390 642 431 omnibus
661 388 1062 433 Ex-Provincialibus
1075 418 1090 442 ‚
1106 388 1208 432 aliis-

234 462 312 504 que
339 447 715 492 Ex·Definitoribus
735 474 750 497 ‚
777 447 1101 491 Ex·Custodibus
1117 478 1132 500 ,
1164 449 1205 489 &

233 508 552 550 Ex·Lee'toribus
566 534 580 557 ,
600 506 639 547 δι
667 520 740 563 per
769 506 924 561 aliquot
950 505 1032 549 dies
1047 506 1208 550 collatis

234 566 341 608 inter
357 565 458 623 ipsos
482 564 679 615 confinis,
705 579 749 607 re
775 566 930 608 mature
956 563 1207 609 confiderata

235 626 276 666 δε
289 622 485 681 perpensa
495 653 512 676 ,
530 621 691 665 tandem
715 622 781 666 die
798 635 860 672 15.
875 622 1049 679 ejusdem
1063 624 1204 667 menfis

236 683 287 724 ab
300 683 482 726 omnibus
496 680 723 736 supradietis
742 682 915 725 unanimi
941 692 1039 726 voto
1052 684 1093 725 ec
1109 698 1203 726 con-

234 739 345 784 sensu
368 741 586 784 confectum
607 737 682 781 fuit
701 770 716 791 ,
745 739 1057 796 &subscriptum
1075 741 1202 798 quud-

232 799 326 842 dam
355 799 514 855 planum
542 797 768 840 accomodat
797 798 1090 842 distributionis
1120 827 1135 850 ,
1159 802 1200 842 δι

230 861 501 901 Decretorum
516 857 668 899 tenoris
679 853 875 912 sequentis
886 883 902 906 ‚
930 857 1117 902 videlicet
1131 872 1144 901 :

295 929 330 958 1.
392 917 507 958 Cum
533 923 614 957 tres
640 924 773 970 partes
798 915 871 958 sint
901 916 940 958 in
959 918 1200 966 Provincia,

232 988 315 1031 quae
329 988 407 1016 non
422 974 443 1015 a
458 974 684 1022 territorio,
697 981 765 1016 aut
779 974 970 1017 nationali
989 974 1126 1019 affeetu
1138 975 1202 1018 di-

231 1034 484 1089 ffinguuntur
497 1060 512 1083 ‚
537 1030 603 1075 sed
626 1031 784 1088 praecise
798 1033 819 1074 a
835 1032 967 1076 studiis
982 1059 996 1082 ‚
1009 1048 1094 1090 quae
1108 1049 1200 1078 cum

233 1089 307 1133 fint
323 1089 388 1134 sex
401 1119 416 1142 ‚
426 1103 478 1133 ex
491 1088 645 1145 triplici
673 1089 786 1133 fonte
799 1100 935 1134 ortum
950 1092 1173 1136 habuerunt
1186 1120 1199 1143 ,

229 1157 312 1193 tres
339 1148 631 1204 consequenter
658 1149 906 1194 instituendae
927 1147 1017 1194 sunt
1054 1151 1200 1195 Custo-

230 1208 332 1258 diae,
349 1207 499 1250 scilicet
512 1207 779 1261 Matritenfis,
813 1208 1028 1258 Toletum,
1059 1211 1100 1252 δι
1124 1212 1201 1253 Va-

229 1266 440 1309 lisoletana
461 1279 552 1309 cum
568 1265 642 1308 suis
656 1265 871 1323 respective
891 1269 1168 1311 Conventibus
1181 1298 1198 1320 ,

230 1326 289 1365 ita
302 1331 466 1374 tamem
487 1324 598 1380 quod
622 1338 692 1369 nee
720 1325 969 1377 formaliter,
985 1339 1055 1370 nce
1072 1336 1199 1369 mate-

229 1381 386 1429 rialiter
398 1380 689 1440 distinguantur
702 1409 715 1431 ‚
739 1384 804 1427 led
829 1382 900 1428 sub
911 1383 1052 1427 eodem
1066 1386 1198 1442 capite

231 1441 274 1482 δι
288 1439 476 1494 regimine
489 1466 503 1489 ‚
521 1449 642 1496 prout
659 1442 857 1499 hucusque
871 1441 1052 1494 fuerunt,
1069 1458 1198 1487 rema-

230 1506 377 1550 neant,
405 1512 533 1556 neque
548 1497 592 1541 fit
609 1501 711 1542 inter
735 1513 800 1543 eas
823 1500 1101 1556 praserentia,
1130 1509 1197 1543 aut

231 1558 481 1606 coarctatio,
509 1557 716 1613 solimique
743 1556 964 1602 deserviant
994 1560 1043 1604 ad
1055 1559 1195 1602 distin-

228 1614 407 1671 guendas
422 1614 511 1657 illas
528 1625 609 1658 tres
637 1623 765 1669 partes
786 1616 1000 1660 honestiori
1021 1617 1194 1660 voeabu-

226 1673 298 1725 lo,
317 1672 421 1715 &ad
448 1672 764 1716 distributionem
792 1672 1124 1727 Praelaturnrum,
1155 1675 1193 1716 δι

226 1729 463 1773 officiorum
478 1730 578 1773 infra
604 1729 814 1775 dicendam
829 1761 840 1773 .

283 1803 322 1832 a.
380 1792 486 1831 Cum
514 1801 652 1832 omnes
675 1790 867 1846 Religion
892 1790 1108 1834 Provinciae
1137 1791 1199 1848 jus

228 1847 279 1892 ad
297 1860 380 1890 rem
402 1846 574 1890 habeant
587 1846 734 1903 aequale
755 1849 805 1890 ad
827 1849 999 1891 honores
1013 1850 1199 1900 &onera,

228 1918 281 1949 ne
296 1906 437 1961 cuique
455 1903 522 1948 liat
537 1904 694 1961 injuria,
708 1906 853 1963 illi,qui
868 1905 1089 1963 aliquando
1112 1904 1199 1951 fue-

226 1973 348 2014 runt,
375 1962 439 2006 vel
456 1962 606 2006 fuerint
620 1965 659 2007 in
676 1963 806 2008 studio
817 1965 945 2022 politi,
960 1963 985 2007 fi
1003 1964 1131 2009 forsan
1149 1981 1196 2010 ex

229 2023 361 2078 aliqua
377 2025 491 2066 causa
515 2025 749 2066 continuare
765 2037 842 2067 non
859 2024 1097 2074 valuerunt,
1128 2034 1198 2068 aut

227 2094 352 2182 52:11?
354 2089 500 2193 ⁰3:53¹
504 2091 549 2182 25
561 2081 765 2184 33:512?
778 2091 918 2184 ‘31:¹35ss
927 2092 1196 2199 ‘'2:123ss

227 2198 302 2241 nee
317 2197 476 2241 fuerunt
491 2225 507 2249 ,
521 2198 586 2241 vel
613 2200 764 2244 fuerint
792 2198 968 2257 affignati
982 2228 996 2252 ‚
1027 2201 1077 2244 ad
1098 2202 1195 2246 ulti·

225 2269 334 2299 mum
357 2256 645 2310 pertinebunt:
672 2259 738 2313 qui
769 2260 866 2302 verb
882 2274 1083 2317 nunquam
1109 2258 1198 2304 fue-

227 2321 320 2356 runt
331 2337 344 2360 ‚
360 2311 422 2353 vel
449 2311 592 2355 suerint
618 2317 655 2356 in
670 2315 799 2357 studio
815 2319 1037 2361 Provinciae
1052 2347 1068 2368 ‚
1081 2319 1195 2362 sicuti

225 2370 348 2414 etiam
363 2369 550 2427 Religiofi
567 2369 686 2422 laici,
713 2373 819 2415 inter
837 2373 1077 2431 supradictas
1100 2390 1194 2433 par-

226 2438 290 2472 tes
302 2440 412 2483 aequo
424 2440 596 2471 numero
608 2429 778 2475 adscribi
790 2431 964 2477 debeant
979 2456 994 2478 ⁶

287 2498 327 2539 3.
386 2485 488 2528 Cum
515 2494 593 2529 tres
621 2486 692 2529 fint
708 2488 931 2539 Custodia,
959 2501 1042 2534 tres
1056 2493 1194 2550 utique

230 2542 426 2587 Custodes
450 2545 535 2586 sunt
553 2545 810 2598 nominandi,
841 2563 938 2591 unua
952 2563 1000 2592 ex
1018 2550 1196 2606 qualibet

232 2601 426 2647 Custodia
453 2600 503 2644 ad
533 2602 741 2645 arbitrium
759 2601 1013 2651 Definitionis
1045 2610 1083 2651 in
1098 2624 1196 2666 qua·

228 2674 401 2716 eumque
414 2673 548 2703 earum
562 2660 781 2705 collocandi
794 2675 810 2716 ς
826 2666 1002 2766 anndo
1017 2670 1114 2711 vero
1128 2669 1204 2711 eli·

228 2729 373 2775 guntur
386 2718 437 2761 ad
452 2718 628 2762 Comitia
642 2721 858 2775 generalia,
901 2738 952 2766 uo
972 2726 1127 2769 tantum
1141 2730 1199 2771 se·

229 2778 404 2823 cundum
418 2778 755 2820 Constitutionem
769 2780 792 2821 a
815 2784 1007 2838 Capitulo
1023 2787 1198 2830 Provin-

230 2835 320 2879 ciali
336 2835 510 2891 eligendi
527 2834 614 2877 sunt
632 2864 646 2887 ‚
660 2850 759 2880 unus
775 2853 821 2882 ex
837 2855 912 2883 una
929 2844 1117 2887 Custodia
1129 2872 1143 2894 ‚
1157 2849 1195 2889 &

230 2893 333 2937 alius
346 2895 395 2937 eit
416 2894 493 2936 alia
508 2922 522 2945 ‚
542 2909 591 2937 ex
603 2898 744 2951 quibus
772 2913 851 2941 non
881 2897 1004 2945 fuerit
1021 2905 1194 2949 Provin-

227 2952 340 2996 cialis
356 2981 369 2995 .
401 2954 561 2996 Tertius
588 2955 697 3006 verb,
713 2957 780 3010 qui
796 2962 1016 3004 remanebit
1031 2963 1070 3005 in
1093 2967 1192 3008 Pro·

227 3011 359 3053 vincia
373 3038 388 3061 ,
406 3012 667 3056 nominandus
681 3018 704 3060 ὲ
721 3015 964 3062 Definitorio
976 3050 988 3061 .

283 3081 326 3123 4.
384 3068 525 3113 Officia
547 3071 696 3128 majora
720 3074 775 3116 ita
797 3075 1065 3122 distribuenda
1078 3080 1195 3134 sunt,

230 3136 275 3170 ut
294 3127 552 3171 provincialis
569 3129 611 3171 fit
626 3130 679 3172 de
699 3145 773 3175 una
786 3135 976 3180 Custodia
988 3139 1098 3187 ,duo
1113 3142 1195 3182 De-

230 3184 413 3228 finitores
440 3186 491 3228 de
505 3187 657 3240 altera,
672 3202 772 3234 unus
794 3192 846 3235 de
870 3210 951 3238 uno
969 3196 1097 3242 studio
1110 3227 1124 3249 ‚
1156 3200 1194 3240 8c

234 3244 332 3287 alius
345 3244 395 3288 de
409 3244 516 3297 alio,
537 3248 577 3288 δι
601 3245 872 3303 pariformiter
898 3254 964 3295 alii
981 3256 1064 3298 bini
1088 3256 1195 3299 Deli·

231 3302 384 3404 Ritpires
415 3303 467 3346 de
497 3304 622 3348 altera
654 3307 843 3350 Custodia
858 3339 872 3363 ,
903 3325 1004 3355 unus
1034 3313 1085 3356 de
1115 3329 1195 3356 uno

266 3375 290 3404 u
323 3376 383 3405 io.

288 3431 329 3469 5.
389 3425 495 3472 Cum
511 3422 628 3466 valde
640 3426 882 3470 conveniens
907 3427 952 3470 fit
969 3458 984 3481 ,
1013 3431 1122 3486 quod
1154 3431 1193 3472 in

230 3480 523 3546 Provincialem
545 3481 719 3538 eligatur
745 3486 876 3540 aptior
889 3514 901 3534 ‚
918 3488 957 3529 &
972 3502 1191 3544 congruen-

226 3547 310 3578 tior
335 3548 444 3581 mter
471 3553 606 3584 omnes
646 3544 726 3586 fine
753 3544 998 3589 restrictione
1027 3549 1077 3590 ad
1099 3561 1191 3603 par-

227 3606 285 3639 tes
298 3626 312 3649 ,
330 3598 587 3651 neceffarium
603 3600 658 3643 est
670 3631 686 3652 ‚
700 3603 808 3658 quod
822 3604 1079 3660 Capitulares
1092 3620 1189 3648 con-

223 3657 412 3707 veniant,
439 3656 504 3699 vel
527 3672 597 3713 per
626 3670 719 3702 vota
740 3660 890 3704 secreta
918 3664 1189 3707 determinent

220 3723 310 3757 ante
330 3714 564 3770 Capitulum
578 3746 594 3767 ,
607 3716 659 3760 de
676 3734 754 3776 qua
779 3721 971 3764 Custodia
998 3721 1188 3766 assumen-

329 3774 428 3815 Tam.
441 3776 519 3818 VII.

2005 179 2178 260 417

1260 272 1336 315 dus
1365 272 1410 315 fit
1427 272 1692 316 Provincialis
1709 280 1726 326 ‚'
1741 283 1800 329 ut,
1815 295 1906 325 cum
1932 287 2167 331 devenerint
2187 294 2239 334 ad

1263 331 1480 375 eleaiones
1500 330 1766 374 Definitorum
1782 361 1796 382 a
1813 337 1933 381 sciant
1950 345 2108 388 nullum
2122 361 2170 388 ex
2187 350 2238 389 ῃ-

1268 390 1306 432 la
1323 390 1417 446 eligi
1432 387 1540 446 posse
1565 420 1579 442 ‚
1603 405 1695 434 cum
1719 392 1918 435 reservata
1947 398 1989 438 fit
2006 404 2055 443 ad
2069 405 2243 444 Provin-

1269 448 1459 491 eialatum
1482 450 1518 491 in
1536 450 1609 492 illo
1624 451 1849 505 Capitu103
1878 452 1955 492 hoc
1983 461 2131 499 etenim
2155 474 2245 500 mo..

1269 506 1324 548 do
1336 533 1349 554 ,
1365 506 1511 563 absque
1526 507 1757 563 praejudicio
1769 509 2060 554 distributionis
2073 541 2087 563 ,
2103 516 2244 558 electio

1269 566 1386 621 primi
1402 567 1557 622 Capitis
1572 568 1794 610 remanebit
1822 568 1950 611 libera
1963 596 1976 610 .

1321 625 1362 666 6.
1426 626 1747 676 Guardianatus,
1778 627 2002 670 Vicariatus
2017 656 2032 680 ‚
2061 629 2099 670 δι
2115 629 2247 670 Praefi-

1263 682 1409 726 dentiae
1425 683 1710 740 Hospitiorum
1727 685 2005 729 distribuenda:
2034 685 2121 729 sunt
2140 690 2246 728 inter

1262 750 1344 784 tres
1363 742 1578 785 Custodias
1594 772 1609 795 ,
1637 758 1853 801 earumque
1883 755 2013 800 partes
2027 746 2246 801 respective

1260 799 1310 843 cii
1326 801 1561 845 omnimoda
1579 802 1743 858 poffibili
1759 803 2023 860 aequalitate3fi
2044 804 2141 846 verb
2155 817 2245 845 om-

1263 859 1424 901 nimoda
1450 860 1652 916 aequalitas
1681 874 1853 918 propter
1883 864 2075 918 imparem
2102 876 2244 906 nume-

1261 931 1349 959 rum
1367 917 1512 960 servari
1529 932 1609 962 non
1625 918 1740 975 poffit
1755 949 1770 972 ,
1801 922 1933 963 minor
1950 920 2165 976 respefflve
2197 920 2242 963 fit

1261 977 1543 1077 Ρξοιβυῆοάἰι
1574 979 1612 1020 δι
1629 988 1760 1034 parte,
1775 991 1822 1022 ex
1837 993 1914 1037 qua
1930 978 2052 1023 fuerit
2070 979 2243 1023 Provin-

1261 1049 1323 1077 cla
1344 1049 1377 1077 is
1394 1062 1406 1075 .

1333 1105 1373 1143 7·
1447 1096 1509 1139 Ut
1540 1094 1762 1139 Guardiani
1797 1095 1964 1153 majoris
1989 1096 2239 1141 auctoritatis

1260 1151 1332 1195 sint
1347 1153 1523 1206 probatae
1533 1153 1608 1208 jam
1628 1156 1714 1196 vitae
1727 1182 1740 1205 ‚
1761 1155 1801 1196 &
1815 1155 2039 1210 prudentias
2055 1184 2070 1206 ,
2100 1155 2239 1199 nullus

1258 1210 1309 1253 ad
1326 1210 1404 1251 hoc
1418 1210 1596 1253 officium
1616 1213 1831 1256 aslumatur
1843 1242 1858 1266 ,
1875 1216 1940 1269 qui
1966 1212 2236 1269 septendecim

1258 1280 1383 1309 annos
1397 1268 1483 1324 post
1498 1269 1777 1324 profeffionem
1791 1284 1868 1313 non
1883 1271 2127 1324 expleverit,
2147 1273 2240 1313 nul-

1258 1322 1395 1381 lusque
1415 1327 1563 1381 pariter
1581 1353 1594 1376 ,
1610 1328 1678 1383 qui
1702 1327 1840 1370 saltem
1856 1343 1928 1384 per
1945 1330 2008 1370 ses
2029 1331 2236 1370 uiennium

1259 1397 1338 1427 non
1355 1383 1475 1427 suerit
1491 1386 1690 1438 Vicarius‚
1705 1386 1774 1428 nifi
1792 1399 1910 1429 antea
1929 1386 1985 1427 sui
2017 1395 2058 1425 et
2077 1388 2239 1435 Lector,

1258 1452 1325 1482 aut
1342 1441 1530 1497 Magister
1542 1444 1797 1487 studentium
1812 1468 1826 1490 ,
1859 1443 2108 1484 secretarius
2136 1444 2239 1483 Pro-

1258 1499 1436 1542 vincialis
1451 1526 1465 1548 ‚
1497 1501 1562 1542 vel
1579 1499 1908 1542 Reverendiffimi
1936 1502 1979 1542 P.
1999 1500 2239 1552 Generalis‚'

1255 1558 1560 1604 Procuratores,
1579 1557 1643 1598 vel
1662 1557 1895 1600 Definitoris
1923 1559 2119 1613 generalis
2136 1587 2149 1608 ,
2167 1569 2237 1600 aut

1254 1617 1501 1658 Procurator
1519 1616 1754 1663 Provinciae,
1769 1616 1910 1660 Praeses
1929 1615 2238 1673 Hospitii‚Qa-

1255 1671 1428 1716 lificator
1445 1675 1484 1716 S.
1495 1672 1629 1716 Officii
1644 1701 1660 1725 ,
1691 1674 2052 1718 vel'Concionator
2065 1675 2235 1727 Regms,

1259 1731 1325 1775 vel
1347 1745 1396 1775 ex
1423 1733 1558 1787 aliquo
1583 1732 1672 1774 casu
1703 1733 1863 1787 speciali
1891 1730 2136 1775 Definitorio
2163 1743 2235 1784 per

1259 1800 1355 1891 {ota
1372 1788 1596 1833 conformia
1610 1791 1650 1831 δι
1667 1786 1815 1833 secreta
1833 1788 2060 1847 dispensare
2078 1790 2234 1834 visum...

1277 1859 1380 1894 uer1t
1393 1878 1405 1891 .

1317 1911 1357 1951 8.
1418 1910 1458 1953 Si
1474 1908 1617 1965 aliquis
1632 1908 1935 1953 Guardianatus
1949 1938 1964 1961 ,
1981 1908 2233 1959 vicariatus,·

1260 1969 1431 2011 Lectum
1446 1996 1460 2019 ,
1487 1978 1556 2010 aut
1574 1967 1848 2023 Magisterium
1871 1967 2004 2010 Studii
2028 1981 2098 2023 per
2122 1980 2234 2008 mor-

1258 2037 1340 2070 tem
1356 2055 1370 2077 ,
1388 2024 1655 2069 dimiffionem
1671 2051 1685 2074 ‚
1715 2038 1785 2070 aut
1799 2029 2043 2071 amotionem
2058 2024 2142 2080 post
2155 2027 2236 2066 Ca-

1287 2085 1432 2129 itulum
1459 2097 1600 2127 vacare
1633 2087 1849 2142 contigerit
1867 2115 1882 2138 ,
1909 2083 2010 2127 alius
2027 2083 2236 2140 ejusdem..

1258 2102 1455 2188 gustodiae
1468 2169 1482 2193 ,
1497 2144 1535 2184 &
1553 2144 1673 2198 partis
1689 2142 1977 2188 substituendus
2003 2145 2110 2192 erit,
2141 2141 2235 2182 utin

1256 2202 1367 2246 omni
1395 2210 1545 2245 eventu
1567 2202 1728 2258 integra
1744 2203 1894 2260 semper
1924 2211 2081 2245 maneat
2106 2198 2236 2241 distri-

1256 2262 1397 2305 busso.

1295 2333 1338 2376 9.
1362 2320 1597 2367 Lessuraesst
1623 2319 1853 2375 Magister-ia
1874 2319 2136 2363 conferantur
2150 2317 2234 2359 cui.·

1255 2378 1355 2421 libet
1370 2379 1475 2432 parti
1496 2376 1726 2433 respee‘tive,
1737 2388 1858 2432 prout
1877 2373 2234 2430 vacaverint,absq;

1255 2435 1503 2493 preferenda
1514 2446 1584 2478 aut
1598 2438 1847 2479 antelatlone
1862 2439 1976 2480 unius
1991 2437 2040 2478 ad
2051 2436 2234 2477 alteram.

1375 2496 1483 2536 Cum
1529 2503 1663 2535 autem
1691 2523 1706 2544 ,
1737 2495 1831 2536 ficut
1858 2497 2002 2538 eadem
2029 2492 2228 2548 expositio

1258 2550 1630 2607 subjungebat,di6ti
1649 2555 1920 2606 Exponentes‚
1932 2551 2135 2607 promissa,
2148 2550 2231 2604 quo

1257 2609 1408 2652 firmius
1439 2608 1636 2652 subfistant
1666 2637 1679 2659 ‚
1710 2612 1750 2652 δι
1792 2609 2000 2653 serventur
2031 2608 2202 2651 exactius
2215 2631 2232 2655 2

1259 2668 1499 2725 Apostolicae
1510 2668 1829 2711 confirmationis
1845 2670 1983 2711 nostrae
2007 2669 2233 2722 patrocinio
2247 2689 2251 2692 -

1259 2729 1495 2770 eommuniri
1525 2725 1775 2782 summopere
1802 2727 2029 2771 defiderent
2056 2757 2071 2778 ,
2101 2725 2232 2768 Nobis

1256 2795 1474 2842 propterea
1491 2786 1699 2829 humiliter
1711 2785 1922 2843 supplicari
1948 2786 2156 2834 fecerunt,
2186 2791 2232 2824 ut

1255 2847 1323 2888 fibi
1342 2847 1380 2886 in
1399 2843 1594 2900 praemiffis
1607 2844 1834 2900 opportune
1860 2845 2074 2900 providere
2089 2873 2104 2896 ‚
2119 2845 2172 2892 ἃ,
2187 2851 2232 2884 ut

1256 2903 1587 2959 infra,indulgere
1601 2905 1654 2946 de
1665 2904 1910 2961 benignitate
1925 2904 2154 2959 Apostoliea
2167 2900 2231 2942 di-

1256 2960 1470 3019 gn‘aremur
1485 2990 1497 3005 .
1513 2965 1596 3005 Nos
1613 2962 1740 3018 igitur
1757 2962 1856 3019 ipsos
1874 2965 2128 3018 Exponentes
2143 2961 2231 3015 spe·

1256 3021 1425 3063 cialibus
1454 3020 1657 3064 favoribus
1675 3050 1690 3073 ‚
1716 3024 1754 3064 &
1782 3022 1919 3077 gratiis
1945 3018 2127 3076 prosequi
2159 3032 2232 3059 vo·

1256 3081 1386 3123 lentes
1402 3106 1417 3129 ,
1434 3081 1473 3121 &
1487 3092 1629 3122 eorum
1657 3080 1872 3136 singulares
1901 3078 2087 3136 personas
2099 3081 2123 3122 ὲ
2140 3076 2231 3132 qui·

1254 3138 1387 3182 busvis
1402 3139 1832 3181 excommunicationis
1846 3140 1922 3182 διε.
1936 3136 2138 3180 absolutas
2166 3133 2230 3175 fo-

1253 3214 1297 3241 re
1310 3197 1516 3240 censentes
1534 3229 1548 3250 ‚
1564 3196 1784 3254 hujusmodi
1801 3195 2151 3254 supplicationibus
2168 3193 2228 3233 in-

1255 3254 1651 3311 clinati,praeinserta
1677 3257 1929 3307 Decreta,&
1955 3254 2098 3296 statuta
2115 3278 2127 3299 ‚
2157 3259 2226 3315 aut

1254 3315 1532 3358 ordinationes
1549 3344 1564 3367 ,
1576 3329 1667 3358 cum
1681 3315 1867 3356 omnibus
1883 3316 1922 3355 &
1941 3311 2097 3366 (iugulis
2115 3309 2153 3350 in
2170 3322 2227 3348 eis

1255 3373 1462 3416 contentis
1476 3374 1515 3416 δι
1532 3372 1714 3429 expressis
1731 3401 1745 3423 ‚
1775 3372 2012 3415 austoritate
2027 3366 2228 3424 Apostoli-

1253 3446 1299 3474 ca
1312 3461 1328 3483 ,
1346 3441 1487 3474 tenore
1501 3432 1751 3488 praesentium
1770 3428 2058 3472 confirmamus
2074 3457 2086 3477 ‚
2103 3427 2143 3467 δι
2155 3440 2229 3481 ap-

1251 3490 1466 3544 probamus
1478 3516 1492 3537 ,
1520 3489 1675 3546 illisque
1701 3488 1948 3531 inviolabilis
1981 3486 2223 3542 Apostolicae

1251 3547 1450 3590 firmitatis
1465 3549 1590 3591 robur
1607 3548 1810 3603 adjicimus
1823 3573 1836 3595 ,
1862 3546 2077 3601 omnesque
2098 3546 2137 3586 δι
2150 3545 2223 3586 fin-

1249 3606 1364 3661 gulos
1392 3606 1491 3661 juris
1506 3609 1543 3648 &
1560 3605 1651 3648 faeti
1675 3604 1855 3647 defectus
1873 3633 1886 3656 ,
1914 3607 1940 3647 fi
1962 3605 2029 3660 qui
2051 3602 2223 3657 desuper

1250 3665 1560 3718 quomodolibet
1580 3664 1878 3707 intervenerint
1896 3692 1910 3714 ,
1938 3662 2158 3718 supplemus
2184 3663 2225 3703 δι

1252 3723 1433 3767 sanamus
1448 3751 1460 3765 .
1493 3726 1772 3767 Decernentes
1789 3724 1866 3764 ὄις.
1895 3723 2045 3779 Sitque
2073 3721 2112 3761 in
2131 3733 2223 3773 prae-

1685 3783 1721 3822 G
1741 3796 1766 3838 g
1779 3797 1804 3839 g
2049 3780 2165 3822 miffis
