2508 4218
934 202 1416 320 uApoHolica
1445 268 1462 287 .

204 352 459 410 particularia
487 351 724 398 eorumdem
751 349 931 409 suffragia
952 364 1033 395 non
1059 363 1185 407 appo·

200 425 350 467 uantur
365 444 380 467 ,
411 412 476 458 vel
500 413 748 456 recitentur.

321 475 373 517 X.
436 472 614 516 Publicis
628 471 667 514 iu
680 469 868 526 precibus
895 475 1037 525 praeter
1052 466 1183 512 indul·

204 544 264 578 tas
280 563 295 587 ,
319 534 359 574 δι
374 531 394 573 a
410 530 511 574 Sede
529 529 755 586 Apostolica
771 529 1008 585 approbatas
1028 527 1179 571 iidem„

206 593 319 638 Beati
334 604 416 633 non
431 589 670 633 invocentur
683 614 696 628 .

321 652 395 693 ΧΙ.
441 647 764 701 Eorumdemque
783 644 958 699 reliquiae
975 644 1013 687 in
1028 640 1186 700 proces·

206 710 382 754 li‘onibus
397 705 562 750 minime
576 700 912 748 circumferantur
922 731 954 744 ..

308 770 439 810 -Sacra
467 777 599 808 tamen
629 763 908 816 congregatio
928 759 1185 817 presentibus

204 826 502 876 declaratione,
530 824 570 865 &
593 820 757 878 juffione
782 834 993 862 removere
1016 832 1094 861 non
1120 818 1181 860 in·

204 890 334 937 tendit
348 884 502 929 cultum
517 882 654 925 Beatis
674 892 746 936 per
770 892 1022 922 communem
1041 876 1183 919 Eccle-

204 949 264 991 fiae
291 939 521 989 consensum
543 969 559 992 ,
592 939 657 983 vel
688 952 758 995 per
787 936 1185 980 immemorabilem.)

203 1003 396 1060 temporis
411 997 566 1043 cursum
579 1027 595 1051 ,
608 1007 676 1041 aut
694 1012 765 1055 per
778 998 943 1041 Parrum
954 996 1185 1045 ‚Virorum-

203 1063 526 1121 quesanctorum
541 1058 688 1114 scripta
700 1086 714 1108 ,
729 1058 792 1100 vel
807 1056 1006 1111 temporis
1021 1065 1184 1096 centum

202 1133 398 1166 annorum
415 1127 559 1165 metam
574 1115 808 1160 excedentis
825 1115 1045 1162 scientiam,
1057 1126 1103 1157 ac
1119 1124 1185 1155 to-

203 1179 415 1233 lerant-iam
440 1175 553 1221 Sedis
569 1174 833 1232 Apostolicae,
856 1185 923 1218 aut
944 1171 1185 1215 ordinario·

204 1252 304 1285 rum
315 1240 501 1280 haetenus
519 1233 730 1291 prestitum
747 1263 761 1284 ,
782 1247 826 1276 ac
841 1233 961 1276 certis
980 1226 1103 1273 modo
1114 1258 1131 1281 ,
1145 1231 1187 1272 δι

206 1298 336 1341 forma
351 1297 402 1339 ab
416 1309 465 1338 eo
478 1292 728 1349 temporeeir
745 1292 970 1334 exhibitum
983 1317 996 1331 .
1012 1291 1186 1341 Verum,

203 1359 232 1400 fi
250 1356 271 1400 ἃ
286 1366 445 1397 centum
456 1352 572 1395 annis
586 1350 704 1398 citra,
717 1350 850 1392 cultus
870 1346 1097 1403 hujusmodi
1111 1346 1186 1389 ali-

201 1408 1187 1523 q⁰⁸ciiu⁹33255Zssssssss'issssnssffss'giafi‘ffiffli‘d

201 1487 257 1519 eo

202 1534 244 1577 in
271 1528 478 1586 pristinum
504 1526 642 1570 reduci
672 1523 783 1581 jubet
805 1555 821 1577 ,
855 1537 975 1582 prout
1001 1524 1185 1582 quemvis

202 1588 361 1637 cultum
374 1596 490 1629 extra
503 1585 610 1629 casus
627 1584 833 1642 predictos
846 1585 895 1628 ad
912 1582 1086 1639 erpreffa
1101 1594 1185 1625 tan-

201 1650 289 1694 tum
311 1645 527 1690 verbaliter
543 1645 583 1689 in
596 1643 836 1700 Apostolicis
863 1644 1030 1688 indultis
1055 1642 1184 1687 omni-

199 1721 259 1754 no
270 1705 450 1751 revocari
464 1704 627 1748 mandat
642 1701 713 1747 sub
726 1706 858 1759 poenis
872 1705 954 1748 &c-

320 1763 465 1809 Firmis
481 1775 643 1817 quoque
658 1764 958 1807 remanentibus
976 1759 1158 1806 Decretis
1170 1785 1185 1809 ‚

202 1838 351 1880 nempe
364 1853 379 1875 ‚
408 1835 458 1865 ne
476 1823 590 1866 Beati
611 1822 651 1866 in
669 1822 864 1865 Patronus
879 1823 1110 1878 eligantur,
1135 1834 1185 1863 ne

205 1897 347 1929 eorum
362 1881 557 1926 Natalitia
584 1894 675 1925 cum
697 1882 864 1925 Octavia
897 1881 1158 1925 celebrentur
1173 1906 1189 1931 ,

207 1944 249 1986 δι
263 1941 352 1983 aliis
367 1938 666 1997 quibuscunque
681 1941 700 1982 i
715 1941 754 1981 S.
770 1940 1105 1996 Congregatione
1121 1938 1188 1981 ha*

209 2004 350 2043 &enus
367 2000 585 2050 emanatis,
612 2012 695 2053 quae
717 1998 897 2055 prasenti
923 2001 1100 2042 Decreto
1123 2009 1188 2038 re-

210 2067 416 2114 novantur
430 2085 442 2098 .

324 2115 398 2158 His
412 2122 547 2157 autem
560 2112 802 2158 Sanctiffimo
816 2112 970 2164 relatis,
980 2113 1020 2154 8(
1033 2111 1071 2154 in
1083 2114 1192 2154 Cou-

207 2176 444 2232 gregatione
460 2174 550 2217 Sac.
567 2174 731 2216 Rittium
747 2172 950 2213 ordinaria
966 2170 1105 2211 habita
1117 2181 1189 2209 co·

204 2248 293 2279 ram
305 2233 521 2277 Sanffltate
541 2233 619 2273 Sua
643 2242 715 2281 per
739 2225 1096 2268 Eminentissimum
1110 2252 1129 2277 ,
1148 2225 1189 2266 8ι

205 2289 594 2337 Reveoendtffimum
626 2285 677 2326 D.
703 2283 966 2327 cardinalem
995 2283 1187 2326 Sacebct-

203 2361 290 2393 rum
318 2344 510 2389 accurate
541 2338 729 2399 perlectis
748 2371 763 2395 ‚
794 2342 954 2386 mature
985 2339 1156 2385 discussis
1171 2369 1190 2393 ,

200 2406 400 2453 sanssitas
413 2404 490 2447 Sua
505 2417 553 2446 ea
568 2401 832 2458 approbavit,
845 2402 887 2444 δι
903 2414 978 2458 pro
988 2401 1185 2446 omnimo-

194 2465 252 2510 da
275 2461 515 2510 eorumdem
535 2460 818 2504 observatione
841 2460 1050 2504 mandavit
1076 2459 1185 2516 typis

199 2519 814 2639 zfiz‘s'ffe’fssss‘s'essssffis
826 2521 932 2622 2215:
937 2519 1122 2634 &affigi
1127 2527 1186 2620 ³2²:

199 2642 264 2686 nis
280 2641 516 2684 eorumdem
531 2653 672 2683 omnes
685 2669 700 2689 ,
730 2639 770 2680 da
785 2637 961 2694 singulos
981 2635 1153 2682 afficiant
1168 2663 1183 2687 ,

202 2702 245 2745 δι
258 2702 411 2743 ειτᾶεηῐ
422 2727 439 2752 ,
467 2711 514 2741 ac
529 2697 554 2740 fi
572 2697 758 2741 omnibus
769 2722 784 2745 s
808 2698 848 2740 δι
863 2695 1027 2752 nugulis
1040 2695 1189 2741 eadem

201 2757 380 2804 exhibita
393 2785 408 2808 a
441 2756 508 2802 vel
525 2755 787 2812 personaliter
803 2757 1035 2812 presentata
1047 2781 1062 2804 ‚
1083 2755 1182 2798 ioti-

197 2827 336 2867 mata,
361 2816 425 2861 seu
442 2814 655 2860 notificata
675 2813 832 2859 fuiffcnt
846 2842 859 2856 .
891 2813 1182 2869 lndulfitquta

197 2877 386 2921 locorum
399 2875 631 2919 Ordinariis
645 2902 662 2927 ‚
687 2886 730 2918 ut
747 2874 987 2918 :uelut-itate
1002 2871 1114 2916 Sedis
1130 2874 1184 2913 A·

199 2933 405 2993 postolicae
430 2934 573 2990 poffint
585 2962 600 2985 ‚
633 2933 722 2980 imo
739 2934 914 2976 debeant
936 2930 1155 2976 Saeculares
1168 2956 1185 2980 2

196 2996 240 3037 δι
254 2993 472 3049 Regulares
485 2993 756 3049 quoscunque,
833 2990 1032 3036 autumnis
1046 3003 1186 3034 exem-

196 3063 322 3112 ptos,
353 3052 475 3095 etiam
492 3051 708 3095 societatis
733 3052 773 3104 le
792 3066 818 3094 u
832 3079 847 3103 ‚
872 3051 1001 3094 Sancti
1017 3048 1184 3094 Antonii

198 3111 400 3156 Viennen.
413 3138 428 3161 ‚
455 3110 719 3166 &S-Joannis
735 3109 1116 3165 Hierosolymam,
1138 3121 1186 3152 ac

197 3169 380 3227 reliquos
395 3183 554 3220 omnes,
565 3167 726 3225 speciali
738 3169 984 3226 expressione
1001 3167 1187 3223 indigen-

198 3238 263 3274 tes
277 3257 290 3281 ‚
302 3230 422 3272 etiam
437 3227 506 3271 sub
518 3227 691 3272 censuris
703 3228 958 3283 compellere
968 3256 982 3269 .

211 3294 218 3301 ‘
314 3291 501 3345 Cumque
515 3286 638 3343 aliqui
655 3286 762 3330 nulli·
779 3286 999 3331 subdantur
1017 3282 1184 3340 Episco—

200 3361 282 3404 po,
296 3349 361 3404 qui
376 3362 473 3396 eos,
486 3346 510 3388 st
526 3343 760 3389 excefferint
773 3373 791 3397 ,
801 3345 994 3389 coercere
1006 3345 1188 3388 valeant-2

201 3420 251 3450 eo
264 3409 356 3451 casu
382 3410 406 3452 ὲ
432 3406 545 3451 sedis
562 3403 798 3460 Apostolicae
814 3403 982 3447 Nunciis
994 3427 1010 3451 2
1031 3402 1064 3444 ‚ti
1082 3402 1182 3447 ade-

202 3466 284 3508 rint
299 3496 315 3517 ,
345 3466 399 3508 sm
416 3467 543 3508 minus
565 3462 616 3506 ab
632 3461 989 3517 Archiepiscopis,
1018 3460 1057 3502 in
1078 3475 1183 3517 quo·

202 3537 292 3565 rum
317 3525 542 3570 Provinciis
559 3552 577 3575 ,
600 3521 664 3565 vel
691 3521 741 3563 ab
767 3519 973 3576 Episcopis
994 3520 1188 3564 Romano

203 3582 566 3629 tantum-Pontifici
582 3580 789 3635 subjectis,
814 3581 920 3622 intra
936 3604 951 3625 s
970 3577 1038 3621 vel
1056 3593 1183 3633 prope

202 3655 375 3697 quorum
403 3643 598 3687 Dioeeefis
624 3640 769 3684 limites
800 3651 941 3682 eorum
966 3635 1151 3690 Ecclefioe
1163 3665 1186 3690 ,

202 3700 269 3742 vel
289 3700 523 3743 Monasterta
539 3703 607 3745 sita
629 3699 778 3743 fuerint
793 3727 807 3749 ,
838 3708 1026 3751 tanquam
1039 3697 1062 3738 ὲ
1076 3696 1182 3740 Sede

200 3759 436 3815 Apostolica
449 3760 655 3816 Delegatis
668 3759 719 3802 ad
736 3755 959 3816 hujusmodi
978 3757 1180 3797 Decreto·

1245 364 1333 396 rum
1349 345 1669 415 observationem
1685 346 1859 413 pratdifti
1886 356 2056 399 omnino
2071 254 2222 418 cogam·

1242 420 1336 454 tur.
1364 408 1440 450 Dte
1453 405 1783 462 27.Septembr1s
1804 408 1926 464 1659.

1362 528 1477 625 Tam}
1484 537 1497 566 1
1508 553 1519 564 .
1533 526 1649 580 oper.
1668 523 1870 569 lambert.
1883 531 1991 581 cap.3
2000 537 2037 578 7.
2039 526 2120 584 fil,
2126 543 2146 586 3
2159 534 2227 578 16:

1417 596 1460 626 eo
1476 612 1487 625 .
1506 594 1547 624 2.

1243 825 1441 872 Decreta
1466 815 1701 888 proepofiea
1727 835 1809 887 per
1833 817 2079 871 dubiorum
2102 820 2232 872 desu-

1312 908 1393 960 per
1417 906 1631 942 ortorum
1654 890 1983 943 resolutionem
1996 892 2232 943 declaran-

1313 976 1414 1013 tur.

1369 1113 1497 1158 Llatis
1511 1112 1561 1156 ad
1576 1116 1791 1159 Sacrorum
1806 1115 1980 1160 Rituum
1993 1120 2230 1175 congrega„

1398 1174 1548 1216 tionem
1563 1173 1694 1216 dubiis
1709 1175 1820 1219 circa
1836 1175 2135 1220 observantiam
2149 1206 2162 1228 ‚
2187 1177 2230 1218 δι

1245 1233 1560 1288 intelligentiam
1573 1234 1742 1275 Decreti
1757 1236 1872 1289 super
1884 1235 2002 1278 cultu
2017 1237 2148 1279 Beatis
2162 1234 2234 1277 ad·

1246 1294 1323 1335 buc
1342 1305 1420 1334 non
1436 1289 1703 1333 Canonizatis
1725 1291 1826 1334 editi
1851 1294 1919 1336 die
1947 1305 2019 1343 27.
2046 1298 2235 1348 Septem.

1243 1351 1329 1397 bris
1350 1350 1397 1393 16
1401 1362 1472 1406 59.
1488 1376 1503 1398 ,
1523 1350 1561 1390 &
1579 1348 1774 1406 publicati
1790 1365 1828 1408 3.
1843 1350 2050 1396 februarii
2068 1350 2231 1409 praeien-

1245 1411 1299 1454 tia
1314 1410 1406 1452 anni
1429 1407 1553 1453 1660.

1361 1468 1527 1516 Primo,
1558 1480 1608 1509 an
1623 1496 1639 1518 ,
1663 1467 1732 1511 ubi
1760 1468 1965 1512 indultum
1991 1468 2117 1513 fuerit
2133 1498 2150 1522 ,
2180 1478 2230 1513 ut

1244 1525 1358 1571 Miffa
1371 1528 1422 1570 de
1439 1525 1575 1582 aliquo
1588 1529 1713 1570 Beato
1728 1527 1962 1571 celebretur
1972 1557 1990 1580 ,
2007 1529 2129 1572 liceat
2143 1528 2232 1583 ejus

1245 1588 1462 1644 imaginem
1477 1615 1492 1638 ,
1512 1587 1550 1628 ἃ
1568 1586 1819 1629 simulacrum
1835 1588 1950 1642 super
1966 1589 2085 1631 attari
2104 1601 2231 1644 expo·

1244 1660 1342 1691 nere
1354 1672 1368 1695 ‚
1398 1659 1472 1688 nec
1494 1658 1577 1687 non
1604 1645 1762 1687 votivas
1790 1646 1958 1690 tabellas
1983 1646 2134 1690 ibidem
2159 1660 2231 1702 ape

1243 1704 1419 1765 pendere
1437 1706 1453 1747 ἰ

1361 1762 1550 1808 Secundo
1562 1791 1575 1803 .
1607 1764 1672 1805 An
1690 1762 1727 1813 §-
1744 1776 1801 1806 ε
1820 1763 1911 1806 Dies
1918 1761 2023 1822 fests
2039 1762 2082 1806 in
2096 1765 2235 1807 Beato·¹

1246 1836 1336 1867 rain
1351 1823 1531 1866 bonorem
1552 1834 1628 1863 non
1642 1819 1885 1867 celebrentur
1905 1837 1963 1867 .··.-.
1988 1825 2233 1868 extendatur

1248 1885 1299 1927 ad
1316 1880 1409 1926 festa
1423 1881 1652 1924 devotionis
1669 1884 1685 1925 ἓ

1363 1941 1509 1983 Tertio
1523 1969 1535 1982 .
1568 1943 1632 1981 An
1652 1940 1807 1984 indulta
1823 1942 2024 1987 recitandi
2036 1941 2232 1986 officium

1247 2012 1338 2042 cum
1358 2001 1498 2040 ossava
1514 2025 1529 2048 ‚
1555 1997 1619 2039 vel
1646 1997 1726 2041 fine
1741 2002 1910 2048 octava,
1934 2003 1973 2044 δι
1998 1998 2234 2046 celebrandi

1249 2054 1404 2098 Miffam
1418 2054 1471 2098 de
1482 2054 1613 2097 Beatis
1628 2050 1777 2098 suerint
1791 2070 1979 2100 revocata
1995 2073 2066 2115 per
2080 2061 2232 2103 dinam

1248 2117 1464 2158 Decretum
1482 2116 1523 2155 S.
1537 2115 1880 2169 congregationis
1894 2117 1910 2158 2

1365 2172 1525 2227 Qarto
1539 2198 1550 2209 .
1582 2171 1648 2211 An
1681 2172 1720 2212 in
1756 2174 1943 2216 Ecclefiis
1968 2203 1985 2225 ‚
2017 2176 2055 2217 in
2086 2175 2232 2232 quibus

1247 2226 1359 2271 Miffa
1373 2257 1389 2280 ,
1412 2229 1453 2269 δι
1469 2225 1660 2270 Officium
1676 2227 1729 2270 de
1747 2230 1877 2275 Beatis
1894 2233 2086 2282 recitari,
2108 2247 2152 2277 ac
2172 2246 2238 2275 re·

1246 2285 1417 2344 spefiive
1433 2286 1633 2329 celebrari
1651 2286 1806 2342 poffunt
1821 2319 1836 2343 ,
1858 2290 1978 2334 liceat
1994 2305 2138 2335 eorum
2152 2293 2235 2334 Re-

1247 2346 1390 2405 liquias
1402 2357 1607 2402 exponere
1622 2346 1638 2387 ἓ

1361 2405 1525 2461 Qinto
1540 2433 1553 2446 .
1573 2406 1652 2471 ‘An
1672 2406 1851 2465 Episcopi
1876 2409 2102 2466 Regulares
2118 2438 2135 2462 ,
2165 2409 2235 2465 qui

1245 2479 1293 2509 ex
1315 2463 1476 2509 indulto
1491 2462 1603 2506 Sedis
1618 2466 1856 2522 Apollolicae
1871 2469 2047 2524 gaudent
2063 2469 2233 2526 privile—

1244 2526 1318 2583 giis
1333 2526 1405 2569 sua
1429 2523 1653 2580 Religionis
1669 2554 1684 2577 ‚
1712 2526 1766 2568 de
1782 2527 1927 2585 quibus
1955 2530 2043 2572 sunt
2069 2541 2232 2584 capaces

1244 2599 1321 2642 pro
1332 2597 1477 2628 eorum
1491 2581 1729 2628 conditione
1741 2614 1755 2637 ‚
1782 2585 1927 2643 possint
1941 2588 1994 2631 de
2012 2589 2144 2632 Beatis
2159 2585 2232 2629 suae

1244 2644 1474 2700 Religionis
1493 2643 1664 2685 recitare
1679 2645 1868 2687 Officium
1882 2674 1897 2696 ‚
1930 2648 1969 2688 δι
1992 2649 2030 2690 in
2055 2646 2231 2702 propriis

1241 2702 1559 2747 cathedralibus
1583 2700 1735 2744 Miffam
1761 2704 2001 2758 celebrare,
2026 2706 2230 2747 &Altare

1242 2762 1373 2805 Beatis
1386 2757 1580 2814 pra-dietis
1594 2762 1753 2814 erigere
1767 2763 1784 2802 2

1242 2879 1286 2925 ὼ
1357 2823 1576 2864 Sacrorum
1589 2816 1759 2860 Rituum
1773 2818 2053 2876 congregatio
2069 2818 2232 2877 respon-

1360 2937 1426 2982 Ad
1445 2935 1615 2990 primum
1627 2932 1869 2981 affirmative
1883 2967 1898 2980 .

1360 2997 1425 3041 Ad
1442 2993 1656 3036 secundum
1672 2996 1860 3051 negative
1873 3023 1888 3039 .

1358 3055 1427 3098 Ad
1447 3053 1614 3096 tertium
1631 3055 1782 3110 pariter
1796 3053 1986 3111 negative
1999 3062 2017 3099 .’

1358 3113 1427 3158 Ad
1443 3123 1634 3168 quartum
1652 3114 1895 3158 affirmative
1911 3143 1924 3156 .

1357 3170 1637 3274 Adrqugtgum
1652 3174 1842 3232 negative
1855 3202 1868 3215 .
1901 3173 1981 3218 Die
2009 3184 2081 3226 17·
2101 3171 2226 3228 Apri-

1434 3245 1465 3274 ts
1483 3246 1497 3276 ι
1562 3244 1609 3276 ο.

1359 3353 1524 3468 Τοῗὶι.
1547 3352 1663 3452 ερον.
1685 3351 1866 3396 Lamber-
1890 3351 1985 3396 edit.
2010 3350 2220 3394 Bononien-

1431 3424 1452 3452 0
1496 3423 1544 3466 3¹
1578 3438 1595 3453 .

2111 3819 2158 3861 In
