2496 4172
949 133 1385 249 Apostolica
1409 204 1428 215 .

198 286 328 316 rerum
345 276 554 331 colligere,
569 276 736 334 illasque
752 275 854 320 solus
868 277 905 319 in
921 277 1171 320 necessitates

201 333 387 379 Pratrum
403 335 656 392 praefatorum
668 339 871 392 applicare
885 337 1053 380 deberet
1072 367 1083 378 .

254 393 293 442 ξ.
308 396 342 436 Ι.
405 398 455 438 Et
480 394 647 437 subinde
678 396 803 438 recol.
836 408 954 437 mem.
981 396 1174 440 Clemens

199 461 301 512 Papa
313 454 403 497 Vn.
414 455 536 499 etiam
554 452 822 496 pta-decessor
839 457 982 497 Noster
997 455 1172 505 ,intuitu

198 518 408 565 laborum,
432 512 531 570 quos
546 510 737 569 ejusmodi
761 510 926 569 syndici
959 512 999 554 in
1022 511 1175 556 benefi-

196 577 263 620 cio
273 573 472 616 diciorum
489 574 671 615 Fratrum
682 599 696 621 ,
709 583 960 626 quocumque
972 580 1175 627 tempore,

200 638 240 678 &
253 634 394 690 quavis
409 633 615 676 occasione
629 627 778 672 affidue
791 629 1072 679 substinebant,
1091 629 1183 675 eos·-

200 695 295 737 dem
305 690 500 748 Syndicos
512 691 535 731 i
552 688 647 731 soro
659 686 830 731 saeculari
844 701 1048 732 exemerat
1063 717 1077 741 ,
1102 703 1173 731 vo-

201 754 288 797 leus
305 779 318 803 ,
330 760 374 793 ut
387 750 426 791 in
437 749 585 795 caum,
613 756 695 788 tam
710 747 903 791 civilibus
918 774 932 796 ‚
959 750 1077 803 quim
1094 749 1178 792 cri-

200 810 412 855 minalibus
424 834 440 860 ,
462 808 503 851 δι
517 804 652 849 mixtis
666 831 678 853 ,
704 805 852 849 nonnisi
867 818 1008 849 coram
1024 807 1176 865 judici-

199 871 270 914 bus
281 865 639 910 Conservatoribus
649 865 879 909 corumdem
902 869 1086 909 Fratrum
1101 869 1143 909 M
1148 866 1176 906 i-

200 940 344 975 norum
356 926 407 970 de
419 924 684 968 Observantia
709 923 762 967 de
774 922 922 982 justitia
936 925 1175 981 respondere

199 991 451 1033 tenerentur,
463 985 503 1026 δι
515 982 624 1032 aliis,
640 992 760 1039 prout
771 984 812 1026 iu
827 984 941 1040 ipfius
955 985 1182 1027 Clementis

201 1042 500 1091 Proedecefl'oris
517 1042 684 1087 Litteris
699 1068 713 1092 2
728 1042 899 1099 desuper
918 1043 957 1086 in
973 1043 1086 1085 simili
1102 1040 1182 1084 for-

202 1116 266 1148 ma
294 1104 431 1148 Brevis
455 1101 523 1144 die
557 1101 619 1143 16.
636 1101 782 1156 Aprilis
811 1101 931 1154 1526.
953 1102 1181 1159 expeditis,

202 1163 361 1221 plenius
372 1160 525 1205 dicitur
537 1159 761 1203 contineri.

262 1222 300 1273 ξ.
318 1223 374 1265 ΙΙ.
449 1220 506 1261 At
527 1220 567 1261 in
591 1218 731 1262 eadem
757 1218 1004 1276 expolitione
1019 1218 1182 1276 subjun-

201 1282 295 1330 Cto,
320 1278 428 1336 quod
452 1277 636 1322 nonnulli
653 1276 865 1330 dicerent,
892 1278 1181 1334 privilegium...

202 1337 429 1395 hujusmodi
459 1337 498 1379 in
510 1336 640 1393 aliqua
661 1335 715 1378 sui
731 1346 845 1393 parte
856 1336 1026 1392 amplius
1052 1338 1090 1379 in
1108 1334 1177 1379 usu

200 1409 283 1440 non
293 1394 395 1450 effe,
410 1393 475 1438 alii
491 1395 591 1438 vero
609 1395 907 1451 protenderent
920 1422 934 1444 ‚
953 1395 1053 1439 illud
1071 1398 1176 1450 syn-

201 1453 302 1499 dicis
313 1452 508 1512 predictis
520 1482 537 1508 ,
549 1454 706 1498 ratione
714 1467 855 1498 eorum
868 1453 990 1499 officii
1005 1455 1179 1505 tantum,

199 1527 280 1558 non
293 1523 426 1556 autem
451 1512 510 1556 uti
525 1512 670 1556 talibus
685 1511 862 1569 personis
874 1541 889 1564 ,
919 1523 1176 1567 competere3

199 1573 308 1616 uude
336 1570 484 1619 fiebat,
511 1582 554 1612 ut
582 1571 746 1614 Fratres
760 1569 937 1627 praedieti
959 1584 1036 1612 non
1063 1570 1179 1614 sine.-

196 1630 451 1686 Paupertatis
467 1656 481 1680 ,
497 1630 539 1672 δι
554 1629 723 1685 Regulae
734 1658 748 1680 ,
772 1641 890 1685 quam
904 1626 1145 1684 profitentur
1158 1655 1174 1678 ,

197 1689 436 1743 suarumque
449 1685 780 1730 conscientiarum
795 1685 1046 1729 detrimento
1061 1712 1075 1735 ‚
1106 1699 1178 1728 ne·

198 1749 346 1793 minem
363 1744 534 1801 amplius
548 1744 725 1800 reperire
743 1741 898 1801 pulsent
914 1774 929 1798 ,
949 1745 1019 1800 qui
1035 1758 1179 1788 eorum

195 1804 369 1864 ”syndici
382 1831 399 1856 ,
413 1802 491 1847 sive
506 1804 789 1849 Procurator-is
801 1816 945 1847 munus
959 1804 999 1846 in
1011 1803 1048 1846 se
1063 1803 1181 1846 susci-

203 1879 299 1924 pere
311 1891 325 1914 ,
341 1875 513 1920 eumque
526 1859 702 1906 laborem
715 1857 906 1906 assumere
919 1861 1073 1906 vellent
1086 1890 1100 1903 .

262 1923 300 1974 ξ.
321 1921 400 1965 111.
463 1920 647 1977 Ideoque
668 1934 745 1977 pro
759 1930 876 1976 parte
890 1919 1041 1975 praesati
1060 1922 1185 1965 Fran-

206 1981 298 2026 cisci
331 1983 470 2024 Mariae
508 1980 786 2022 Procuratoris
821 1978 1037 2023 Generalis
1070 1979 1182 2021 dieta

202 2038 521 2097 congregationi
544 2036 827 2081 Cardinalium
851 2038 1078 2098 supplicato
1091 2065 1106 2090 ,
1123 2046 1185 2080 ‘ut

202 2111 284 2144 uon
301 2098 439 2142 solum
454 2097 940 2152 auetoritateApostonea
967 2095 1185 2141 confirma·¹

204 2169 320 2203 retur
351 2157 500 2200 dicium
533 2155 788 2212 privilegium
800 2185 814 2209 ,
846 2155 911 2200 sed
941 2157 1064 2199 etiam
1082 2154 1183 2199 illud

204 2216 394 2275 'Syndieis
414 2245 429 2269 ,
452 2214 537 2258 five
557 2215 892 2259 procuratoribus
922 2213 1148 2272 hujusmodi
1164 2242 1181 2265 ‚

203 2277 264 2320 uti
279 2274 430 2317 talibus
445 2270 635 2329 personis,
648 2284 880 2330 competere
894 2273 1182 2318 declararetur.

259 2332 298 2384 §-
318 2332 396 2375 tv.
458 2330 672 2372 Emanavu
696 2331 745 2372 ab
767 2332 910 2375 eadem
925 2334 1181 2387 congregat.

202 2388 487 2438 'cardinalium
524 2389 744 2432 Decretum
768 2390 922 2433 tenoris
944 2386 1142 2446 sequentis
1165 2415 1180 2438 ,

204 2445 398 2495 uidelicet
412 2458 438 2490 s*
451 2449 572 2490 saera
596 2449 877 2502 congregatio
906 2447 986 2491 ΕΕ.
1005 2451 1046 2491 S.
1064 2450 1115 2492 R.
1134 2448 1180 2489 E.

180 2518 184 2522 ’
205 2503 490 2554 cardinalium
517 2504 691 2559 negotiis
714 2531 729 2554 ‚
758 2504 1186 2549 &consultationibus

209 2565 502 2624 Episcoporum
533 2590 549 2613 ,
577 2562 618 2603 Bt
648 2562 915 2618 Regularium
947 2565 1153 2620 preposita
1170 2591 1186 2615 ,

210 2631 369 2670 attenta
384 2619 606 2665 remiffione
621 2618 749 2663 libelli
766 2631 837 2678 per
856 2621 980 2667 SSD.
994 2623 1185 2667 Nostrum

207 2682 310 2728 sacta
334 2711 349 2735 ,
376 2678 581 2723 referente
610 2679 927 2724 Eminentiffimo
951 2681 1184 2731 Norfolch‚

207 2741 363 2788 censuit
398 2738 530 2785 danda
570 2734 648 2781 effe
671 2739 841 2782 Oratori
872 2742 1048 2783 Decreta
1086 2740 1183 2784 aliis

207 2802 319 2846 edita
335 2811 349 2842 ε
365 2810 506 2854 nempe
520 2793 639 2853 super
654 2797 849 2852 praemiffis
863 2798 1096 2842 servandam
1109 2797 1184 2842 esic

208 2854 414 2918 praefatam
429 2853 762 2899 constitutionem
775 2856 854 2900 stn-
868 2857 1185 2902 mem-Clemen-

207 2920 263 2964 tis
282 2918 364 2964 vu
383 2943 399 2966 ,
411 2923 531 2972 prout
547 2912 743 2970 praesentis
760 2916 927 2959 Decreti
944 2927 1086 2960 tenore
1096 2930 1187 2959 om-

208 2977 312 3022 nino*
339 2965 490 3019 sei-‘vari
501 2969 675 3017 'mandat
690 3001 705 3026 ,
723 2973 773 3018 ’δι
805 2974 985 3032 ptaecipit
998 3004 1011 3018 .
1044 2977 1185 3019 Romoe

212 3037 284 3081 28.
297 3032 437 3076 Martii
458 3031 580 3076 1086.
642 3043 647 3048 ·
735 3050 740 3054 ·

267 3094 306 3142 §-
324 3093 382 3136 V.
443 3091 686 3138 Porr02cum
704 3089 834 3136 dictus
848 3091 1076 3136 Franciscus
1093 3094 1183 3136 Ma-

210 3155 271 3199 ria
285 3154 534 3196 Procurator
549 3150 762 3194 Generalis
776 3160 1019 3208 praenarrata
1037 3152 1184 3208 pariter

208 3207 450 3270 exposuisset
477 3208 798 3265 congregationi
824 3211 948 3254 etiam
963 3211 1184 3256 Venerabi-

209 3273 310 3317 lium
323 3271 530 3312 *Fratrum
545 3266 786 3311 Nostrorum
814 3267 990 3323 eiusdem
1008 3273 1050 3314 s.
1066 3271 1118 3312 R.
1136 3271 1186 3312 Ε.

211 3326 493 3376 cardinalium
505 3351 520 3375 ‚
537 3323 650 3380 super
666 3327 929 3370 immunitate
941 3327 1188 3371 Ecclesiasti-

209 3402 287 3440 cf,
303 3388 344 3431 ἁ
357 3383 644 3432 controversiis
659 3383 1034 3440 jurisdictionalibus
1057 3387 1189 3442 depu-

212 3457 421 3491 tatorum:
448 3444 530 3488 haec
544 3445 821 3501 congregatio
847 3443 1001 3489 censuit
1015 3464 1033 3494 ‚-
1056 3445 1190 3488 danda

212 3503 291 3550 effe
307 3507 482 3553 Decreta
497 3502 703 3547 anterior·
717 3504 871 3547 tenoris
885 3531 900 3554 ,
912 3504 985 3559 qui
995 3500 1192 3560 sequitur,

1969 186 2130 263 421

1231 278 1335 319 circa
1348 276 1524 333 exposita
1540 280 1577 321 in
1594 282 1770 334 praestnti
1787 287 1950 342 supplici
1971 293 2111 337 libello
2142 298 2204 339 di.

1232 340 1317 386 xit,
1345 335 1476 377 danda
1494 337 1570 380 effe
1591 342 1791 391 Decreta,
1823 356 1867 385 ut
1894 349 2016 399 infra,
2041 326 2203 405 die’3r.

1233 395 1332 451 Maji
1352 395 1473 450 1639.
1492 397 1640 439 Fauen.
1659 400 1919 442 Provincialis
1936 408 2117 450 Fratrum
2130 411 2208 451 Mi·

1232 467 1378 495 norum
1393 454 1631 497 Observant-
1663 461 1704 500 S.
1723 457 1946 505 francisci,
1969 462 2086 505 Sacra
2099 494 2113 515 ,
2132 468 2212 508 stc.

1236 510 1388 555 censuit
1404 510 1748 578 ,respondendum
1763 516 1990 572 Episcopo,
2014 530 2055 558 ut
2081 523 2212 574 quoad

1235 582 1535 626 exemptionem
1551 574 1716 629 syndici
1734 577 1917 618 Fratrum
1932 576 2135 618 Minoi-um
2163 582 2213 620 de

1234 627 1494 674 observantia
1509 631 1655 676 locide
1670 635 1890 679 Cartoceto
1914 632 2037 676 faciat
2056 634 2215 677 nullam

1233 690 1365 734 clem.
1384 691 1481 731 VH.
1511 692 1743 744 observari,
1776 695 1803 735 ss
1825 694 1865 736 in
1891 706 1943 736 eo
1968 703 2218 739 concurrant

1238 746 1427 804 requilita
1440 746 1616 805 ejusdem
1633 751 1756 794 Bullae
1775 782 1787 793 .

1294 808 1334 858 9.
1351 808 1424 849 Vl.
1487 807 1563 852 Die
1596 820 1659 861 17.
1677 811 1919 854 Novembris
1942 811 2068 864 1642.
2094 813 2221 856 Peru-

1236 864 1311 909 sina
1327 895 1342 918 ‚
1375 868 1530 909 Fratres
1552 870 1679 912 Sancti
1698 871 1898 914 Francisci
1913 872 2116 915 Minorum
2134 872 2221 913 Ob-

1235 925 1432 982 servantig
1452 928 1574 970 sacra
1589 947 1604 977 ·‚
1627 929 1704 971 διε.
1727 927 1881 972 censuit
1899 927 2131 972 servandam
2147 927 2222 973 esse

1242 984 1399 1027 Bullatn
1413 985 1546 1028 Clem.
1561 987 1658 1029 vlt.
1673 988 1785 1030 circa
1804 987 2058 1044 privilegium
2074 987 2168 1037 fori,
2183 989 2222 1030 dt

1241 1044 1506 1099 exemptionis
1520 1044 1811 1100 syndicorum,
1841 1049 1882 1090 δι
1910 1049 2222 1091 Procuratorum

1241 1103 1404 1144 Ordinis
1430 1104 1618 1146 Fratrum
1633 1105 1840 1149 Minorum
1853 1107 1894 1148 S.
1910 1107 2110 1150 Francisci
2130 1107 2223 1151 do

1238 1160 1507 1204 observantia
1519 1187 1530 1199 .
2212 1178 2213 1181 =

1299 1218 1339 1269 ᾗ.
1358 1220 1458 1261 VH.
1522 1221 1598 1264 Die
1614 1223 1824 1277 4.Augufli
1849 1222 2225 1280 1654.Fanen.Epi-

1242 1274 1383 1332 scopus
1399 1289 1413 1319 ε
1444 1280 1510 1319 An
1527 1280 1732 1334 syndicus
1748 1283 1938 1325 fratrum
1954 1283 2159 1326 Minorum
2174 1282 2226 1323 de

1236 1335 1502 1378 Onservantia
1518 1335 1647 1380 Sanni
1666 1336 1864 1381 Francisci
1883 1341 2059 1396 gaudere
2074 1340 2225 1379 debeat

1234 1395 1448 1450 privilegio
1462 1394 1561 1439 fori?
1577 1400 1715 1448 Sacra,
1731 1399 1809 1439 διε.
1827 1396 1981 1438 censuit
1995 1423 2010 1446 ,
2026 1390 2229 1450 hujusmo-

1240 1452 1280 1493 di
1297 1454 1518 1508 syndicum
1534 1454 1713 1508 gaudere
1739 1452 1951 1508 privilegio
1979 1451 2087 1504 sori,
2111 1452 2224 1509 juxta

1240 1511 1585 1555 Constitutionem
1604 1512 1740 1554 clem.
1761 1512 1856 1553 VH.

1297 1568 1336 1618 §-
1356 1569 1478 1610 vlu.
1540 1567 1616 1610 Die
1642 1581 1711 1624 23·
1744 1570 1838 1624 Maji
1867 1572 1991 1623 ¹645.
2015 1571 2223 1612 Romana.

1238 1628 1361 1669 Pater
1389 1622 1693 1669 Commiffarius
1726 1629 1942 1672 Generalis
1967 1629 2102 1670 Curiae
2118 1640 2225 1683 quae·

1236 1687 1287 1729 rit
1305 1699 1318 1730 ε
1347 1687 1411 1728 An
1425 1683 1620 1740 syndici,
1648 1687 1689 1729 ἃ
1706 1688 1995 1729 Procuratores
2009 1688 2042 1727 Α
2049 1684 2231 1741 postolici

1240 1749 1530 1788 conventuum
1546 1742 1617 1788 sua
1631 1744 1858 1802 Religionis
1873 1745 2077 1800 gaudeant
2096 1744 2224 1798 privi-

1243 1802 1351 1860 legio
1376 1802 1479 1851 fori,
1504 1800 1626 1845 etiam
1650 1802 1689 1845 in
1713 1804 1864 1856 canus,
1901 1814 1983 1847 tam
2009 1802 2230 1851 civilibus,

1243 1866 1364 1920 quim
1378 1861 1680 1912 criminalibus,
1705 1862 1745 1904 δι
1761 1862 1921 1911 mixtis,
1950 1863 2070 1904 motis
2097 1870 2233 1905 ante.)

1244 1921 1534 1966 institutionem
1547 1918 1945 1972 officiorum,virtute
1958 1919 2082 1966 Bullae
2093 1919 2233 1962 Clem.

1244 1980 1315 2026 fel.
1334 1980 1492 2023 record.
1511 1982 1620 2035 Papa
1633 1980 1746 2024 vin?
1767 1980 1887 2022 Sacra
1903 1976 2234 2035 congr-respon·

1244 2042 1322 2092 dit,
1340 2038 1540 2094 syndicus
1555 2039 1846 2082 conventuum
1863 2038 2027 2082 Ordinis
2043 2039 2232 2082 Fratrum

1246 2099 1447 2141 Minorum
1461 2098 1512 2139 de
1525 2097 1769 2140 observant.
1787 2102 1824 2140 S.
1843 2098 2043 2141 Francisci
2072 2110 2121 2140 cx
2135 2094 2235 2138 Bul·

1243 2160 1282 2202 la
1296 2156 1368 2200 fel.
1386 2156 1545 2199 record.
1562 2155 1697 2199 Clem.
1732 2158 1830 2199 vn.
1851 2156 2028 2213 gaudere
2061 2154 2233 2210 privile·

1242 2219 1311 2275 gio
1325 2216 1401 2257 fori
1418 2242 1433 2266 ,
1462 2225 1543 2257 tam
1561 2215 1601 2257 in
1615 2214 1740 2258 caufis
1756 2215 1944 2258 civilibus
1958 2244 1973 2267 ,
1996 2214 2116 2270 quim
2148 2213 2233 2255 cri-

1243 2273 1455 2318 minalibus
1467 2299 1481 2322 ‚
1499 2276 1539 2316 dc
1554 2275 1686 2316 mixtis
1702 2303 1715 2324 ,
1747 2274 1869 2316 etiam
1898 2274 2019 2316 motis
2047 2282 2142 2315 ante
2159 2285 2232 2314 eo-

1243 2348 1331 2377 rum
1345 2332 1651 2388 deputationem
1668 2360 1682 2383 ,
1698 2332 1762 2375 seu
1780 2331 2068 2377 institutionem
2086 2332 2127 2373 in
2139 2330 2231 2373 offi-

1243 2393 1350 2436 cium
1364 2389 1607 2446 Syndieatiis
1622 2420 1635 2433 .

1313 2452 1349 2503 §-
1368 2451 1443 2493 lX.
1507 2452 1586 2492 Die
1612 2463 1680 2503 23.
1710 2450 1805 2506 Maii
1841 2450 1964 2503 1645·
1992 2449 2230 2494 Recinaten.

1244 2512 1311 2553 Au
1335 2507 1538 2564 syndicus
1569 2507 1809 2550 Monialium
1827 2510 1974 2550 sanc'tae
1987 2508 2117 2550 Clarae
2131 2520 2228 2562 gau-

1245 2567 1340 2611 deat
1357 2565 1573 2624 privilegio
1588 2564 1666 2608 sori
1682 2593 1697 2619 ‚
1726 2576 1846 2621 prout
1862 2565 2041 2623 gaudent
2061 2564 2229 2620 syndici

1247 2629 1433 2670 fratrum
1479 2627 1683 2668 Minoi-um
1721 2624 1774 2668 de
1805 2623 2071 2667 observantia
2099 2625 2114 2666 2
2158 2628 2231 2667 sa-

1242 2700 1314 2729 cra
1330 2686 1432 2736 ,&c.
1450 2684 1599 2728 censuit
1617 2713 1630 2735 ,
1647 2682 1874 2738 hujusmodi
1892 2681 2115 2738 syndicum
2130 2694 2230 2738 gau·

1245 2745 1343 2788 dere
1367 2743 1519 2786 debere
1546 2741 1763 2799 privilegio
1793 2740 1871 2784 fori
1889 2770 1903 2792 ,
1942 2741 1980 2782 in
2007 2755 2220 2797 quorum-a

1246 2802 1366 2846 fidem
1382 2834 1397 2855 ,
1426 2803 1502 2845 stc.
1537 2804 1687 2845 Datum
1711 2803 1850 2846 Romae
1877 2799 1945 2843 sub
1970 2800 2044 2843 hac
2071 2799 2139 2843 die
2157 2811 2229 2844 20.

1248 2862 1402 2919 Aprilis
1423 2860 1544 2917 1646.

1304 2921 1341 2972 §-
1358 2922 1409 2962 Χ.
1470 2924 1580 2963 Cum
1611 2927 1770 2971 autem,
1796 2919 1874 2962 &c·
1905 2921 2019 2970 Nos,
2043 2919 2120 2960 διε.
2141 2920 2227 2960 De-

1244 2991 1355 3023 creta
1371 2976 1594 3033 praeinserte
1608 2979 1633 3023 ὲ
1648 2980 1879 3021 memoratis
1892 2976 2229 3035 Congregationi-

1244 3040 1318 3082 bus
1331 3036 1612 3080 Cardinalium
1632 3034 1852 3093 respective
1866 3046 2068 3089 emanata,
2085 3038 2228 3077 aueto-

1245 3098 1368 3142 ritate
1381 3096 1630 3152 Apostolica,
1642 3106 1782 3140 tenore
1799 3096 2049 3150 presentium
2077 3107 2228 3149 appro-

1244 3158 1384 3199 bamus
1400 3157 1462 3204 ,δι
1480 3153 1784 3205 confirmamus,
1799 3154 1956 3210 illisque
1973 3151 2222 3196 inviolabilis

1245 3213 1478 3270 Apostolicae
1491 3213 1689 3256 firmitatis
1703 3215 1829 3256 robur
1847 3213 2059 3270 adjicimus
2073 3237 2087 3260 ,
2118 3208 2226 3252 salva

1246 3284 1381 3316 tamen
1407 3276 1560 3332 semper
1598 3274 1638 3316 in
1666 3272 1862 3330 praemiffis
1887 3270 2127 3313 auctoritate
2155 3282 2225 3310 ea-

1247 3330 1430 3376 rumdem
1445 3331 1665 3388 respectivc
1683 3330 2056 3386 Congregationum
2074 3325 2225 3368 Cardi-

1247 3392 1399 3435 ualium
1413 3419 1426 3432 .
1463 3394 1717 3435 Decernentes
1727 3417 1739 3438 ,
1755 3391 1841 3442 &a
1852 3388 1979 3442 st'cque
1991 3389 2032 3427 in
2037 3384 2223 3443 premis:

1235 3449 1294 3509 fis
1308 3478 1323 3500 ,
1346 3441 1428 3497 &a
1445 3451 1632 3497 irritum,
1656 3450 1703 3497 (3
1719 3453 1835 3491 inane
1849 3475 1861 3498 ‚
1882 3447 1968 3496 ἀι.
1983 3458 2057 3488 non
2069 3442 2224 3502 obstan-

1249 3507 1379 3557 tibus,
1394 3508 1474 3557 δι’.
1489 3510 1631 3559 Roma
1651 3522 1663 3550 ι
1672 3522 1714 3564 9.
1727 3506 1834 3563 Junii
1854 3505 1978 3548 1686.

211 3563 406 3607 videlicet
425 3576 440 3606 ε
464 3562 583 3606 Sacra
613 3563 886 3617 congregatio
909 3563 1025 3616 super
1038 3565 1190 3604 Immu-
1253 3574 1257 3579 ’

212 3623 340 3666 nitate
357 3610 652 3669 ecetefiaffia,
670 3621 712 3663 ει
725 3620 1011 3665 controverfi-is
1029 3618 1191 3677 jurisdi-

209 3681 471 3750 ctionalibus,
500 3680 635 3724 habita
648 3678 714 3723 sub
732 3681 805 3724 hac
824 3681 896 3724 die·
907 3681 1047 3726 Martii
1066 3679 1187 3728 1686.
1256 3707 1257 3710 =
1344 3704 1346 3706 ·

1369 3627 1429 3670 Ex
1445 3626 1628 3670 Bullario
1639 3627 1810 3669 Romano
1820 3650 1832 3662 .

2047 3798 2172 3843 No-
