2496 4172
1037 150 1464 268 Apostolica
1482 218 1499 234 .

271 307 548 354 benedistione
566 303 823 348 dimittimus:
845 297 1015 351 deinde3
1030 306 1075 341 ut
1106 297 1149 340 id
1176 297 1234 353 ip-

271 367 356 412 sum
373 364 513 422 maiori
535 378 625 406 cum
639 362 769 410 fructu
786 360 943 404 efficere
957 356 1107 416 poffitis
1122 385 1136 408 ‚
1151 370 1236 399 cer-

256 435 332 471 ‘tas
355 426 468 467 vobis
491 422 703 465 facultates
727 420 908 462 duximus
932 415 1239 463 concedendas,

271 484 417 542 quibus
436 482 582 526 suffulti
596 507 611 530 ‚
636 481 747 538 juxta
760 477 895 520 datam
928 475 1042 518 vobis
1057 477 1080 519 a
1097 474 1241 516 Domi-

272 557 328 587 no
344 542 614 599 prudentiam,
630 549 720 583 tunc
730 537 890 580 demum
915 533 998 575 illis
1011 530 1240 583 moderate,

270 610 319 644 ut
334 615 404 657 par
417 601 494 653 est,
512 597 701 651 utamini,
725 608 818 640 cum
831 591 882 635 ad
909 592 982 634 Dei
1011 592 1240 652 honorem',

271 662 313 703 &
329 660 546 702 animarum
559 653 725 700 salutem
751 655 790 696 δι
801 650 1108 695 aedificationem
1126 648 1237 692 vide·

269 719 359 762 ritis
383 717 599 774 expedire.
628 718 769 775 Qare
788 709 927 754 vestris
955 710 994 751 in
1018 710 1090 751 hac
1123 716 1235 764 parte

261 774 625 832 ‘supplicationibus
649 768 854 823 inclinati,
874 768 988 812 vobis
1005 769 1045 812 δι
1060 764 1234 810 vestrum

269 835 439 883 cuilibet
464 861 479 885 ‚
507 830 695 890 quamdiu
719 842 790 872 vos
814 829 852 872 in
876 826 1025 870 eisdem
1053 825 1235 884 partibus

268 893 510 936 commorari
524 917 538 940 ,
553 888 615 932 vel
633 902 704 946 per
717 887 806 931 illas
819 888 985 930 tranfire
997 885 1240 942 contigerit,

269 959 316 993 ut
347 964 433 994 curn
462 948 666 1007 quibusvis
703 947 903 992 haereticis
930 974 945 997 ‚
973 941 1238 986 schismaticis

265 1006 547 1065 cuiuscumque
561 1007 695 1059 sezstae,
722 1021 769 1048 ac
783 1004 1022 1049 Infidelibus
1038 1031 1052 1055 ,
1077 1013 1122 1046 ut
1146 1001 1241 1046 saci·-

268 1066 343 1112 litis
357 1082 426 1111 eos
440 1067 490 1111 ad
506 1066 764 1110 Catholicam
778 1091 794 1113 a
818 1066 858 1106 δι
873 1062 1140 1106 Christianam
1173 1061 1240 1104 Fi-

266 1125 362 1169 dem
392 1152 406 1175 ,
443 1135 564 1181 atque
599 1123 784 1168 Ecclestae
814 1123 1010 1166 unitatem
1043 1121 1240 1164 reducere

268 1183 418 1241 poffitis
432 1211 447 1233 ,
461 1184 527 1225 ubi
540 1214 555 1235 ,
569 1184 608 1226 &
622 1182 781 1240 quando
794 1182 908 1226 vobis
921 1179 1111 1236 expedire
1127 1178 1242 1221 vide-

267 1242 381 1286 bitur
392 1271 405 1295 ,
423 1242 500 1286 fine
513 1242 650 1298 aliquo
663 1240 918 1285 conscientiae
933 1237 1125 1295 scrupulo
1136 1263 1150 1287 ‚
1167 1244 1239 1280 aut

267 1315 480 1358 poenarum
499 1301 558 1344 vel
580 1300 832 1345 censurarum
855 1297 1010 1342 incursu
1025 1297 1240 1340 conversa·

266 1360 391 1410 ri3ac
406 1366 487 1416 tam
506 1358 843 1403 Christifidelibus
860 1385 875 1409 ,
905 1359 1028 1414 quam
1056 1353 1241 1398 lnfldeli-

270 1419 343 1460 bus
359 1416 536 1459 Verbum
569 1417 642 1459 Dei
669 1430 894 1472 proponere
908 1446 924 1470 ‚
950 1417 1085 1458 &tam
1100 1415 1239 1471 priva-

268 1475 340 1518 tim
352 1499 365 1523 ,
377 1475 497 1530 quam
514 1474 698 1528 publice,
713 1478 738 1518 fi
756 1474 957 1518 videbitur
974 1501 986 1524 ,
1004 1472 1238 1529 praedicarc‚

268 1545 446 1584 necnon,
459 1543 502 1576 ut
519 1533 661 1577 Altare
674 1533 872 1590 portatile
895 1531 1096 1575 vobiscum
1110 1530 1243 1574 defer·

268 1604 314 1634 re
329 1618 343 1642 ,
355 1591 395 1642 δι
409 1590 524 1643 super
549 1605 601 1635 eo
618 1600 698 1634 tam
717 1594 756 1636 in
775 1591 964 1635 Ecclefiis
979 1618 995 1642 ‚
1025 1589 1211 1645 Capellis
1226 1614 1242 1636 ,

267 1650 480 1698 Cratonis,
495 1650 618 1692 etiam
634 1664 713 1693 non
737 1645 978 1692 consecratis
994 1675 1008 1699 ,
1021 1648 1139 1705 quam
1170 1650 1241 1691 in.»

269 1707 436 1764 privatis
472 1707 646 1760 edibus,
677 1708 716 1751 in
748 1708 844 1750 loco
869 1714 1005 1751 tamen
1029 1705 1247 1750 honesto&

270 1765 546 1818 decenti,ubi
576 1767 687 1811 vobis
705 1775 868 1823 propter
894 1766 1147 1823 periculum,
1177 1772 1246 1807 aut

272 1823 390 1868 aliam
404 1823 652 1870 neceffariam
667 1854 681 1879 ,
696 1826 758 1868 sel
778 1824 1064 1879 rationabilem
1090 1823 1248 1868 eausam

269 1883 463 1940 expedire
479 1882 605 1926 visum
620 1883 742 1927 suerit
752 1913 768 1935 ‚
784 1886 908 1928 etiam
922 1882 1016 1927 ante
1029 1883 1137 1927 diem
1148 1909 1164 1931 s
1177 1880 1250 1923 sub

272 1942 367 1985 luce
395 1951 530 1989 tamen
550 1940 737 1994 Mitras,
761 1944 801 1984 ee
829 1942 906 1983 alia
943 1942 1083 1986 Divina
1104 1940 1249 1982 Officia

273 2000 515 2054 celebrare3
533 2008 658 2057 utque
670 2002 806 2042 omnia
820 2028 834 2052 ‚
861 2001 901 2042 δι
922 2013 1179 2056 quecumque
1194 1997 1251 2039 sa-

274 2057 497 2102 cerdotalia
510 2057 745 2103 indumenta
757 2061 797 2102 &
810 2069 1044 2102 ornamenta
1056 2088 1071 2111 ,
1100 2061 1140 2101 Gt
1153 2056 1248 2100 alias

268 2119 404 2162 fictas
422 2118 546 2160 vestes
562 2118 847 2169 ,instrumenta
871 2121 910 2161 δι
941 2120 1029 2160 vasa
1050 2115 1246 2159 Ecclefia-

274 2176 373 2219 stica
385 2203 400 2227 ,
413 2176 461 2220 ac
476 2176 607 2220 Pallas
621 2177 660 2219 δι
682 2176 924 2233 Corporalia
936 2206 952 2228 ,
978 2188 1058 2217 non
1074 2183 1243 2217 tamen-s

271 2233 432 2277 Calices
444 2261 458 2284 ,
478 2235 666 2285 patenas,
681 2244 747 2277 aut
762 2239 1001 2291 Campanas,
1013 2246 1064 2276 ne
1095 2245 1143 2276 ue
1155 2231 1246 2278 alia,

271 2294 314 2336 in
327 2293 466 2347 quibus
491 2293 611 2333 Sacra
644 2293 790 2336 Unfitio
820 2293 1062 2341 adhibetur,
1108 2290 1246 2334 enedi-

274 2363 397 2404 cerea
424 2351 624 2392 preterea
640 2377 654 2400 ‚
681 2356 726 2390 ut
738 2348 1010 2406 quoscumque
1023 2347 1215 2393 Infideles
1229 2378 1245 2400 ‚

273 2408 343 2465 qui
358 2408 407 2452 ad
431 2408 642 2451 veritatem
658 2407 770 2452 Fidei
785 2408 1020 2452 Christianae
1042 2408 1245 2458 venerint,

276 2466 346 2511 seu
371 2465 549 2511 conversi
573 2466 750 2518 fuerint,
771 2480 820 2509 ac
836 2481 978 2511 eorum
1002 2469 1045 2510 δι
1066 2465 1246 2509 fidelium

279 2534 424 2575 natos,
455 2538 599 2580 pueros
615 2552 629 2576 ,
646 2525 688 2568 81.
715 2523 892 2568 infantes
914 2551 929 2575 ,
959 2526 1028 2568 ubi
1059 2525 1248 2581 proprius

277 2584 484 2628 Paroehus
501 2582 639 2625 haberi
654 2594 734 2626 non
756 2584 882 2639 potest
893 2610 908 2634 ‚
923 2584 1125 2639 baptizare
1139 2610 1155 2632 ‚
1184 2593 1248 2623 at-

271 2637 574 2744 ’ἓῖἰεᾶἓιῖἒῗι
588 2640 1110 2744 ἓῗὲἓῗὲηῗὶῗὲῗέἕῖῆι
1123 2644 1253 2742 5ἵέιῖ

278 2759 391 2803 ribus
404 2787 420 2812 ,
445 2757 508 2801 seu
526 2771 578 2800 eo
592 2762 706 2800 anno'
720 2773 798 2802 non
813 2759 1030 2802 benedistis
1041 2787 1058 2812 ,
1089 2759 1116 2800 fi
1147 2771 1254 2800 nova

279 2816 496 2862 commode
511 2818 658 2861 habere
682 2829 762 2860 non
794 2818 998 2871 poteritis,
1012 2817 1137 2861 libere
1161 2818 1254 2869 uti;

282 2876 350 2923 Ad
383 2876 463 2917 hoec
485 2900 500 2923 a
532 2883 579 2917 ut
607 2876 880 2930 quorumlibet
910 2875 1114 2932 utriusque
1144 2874 1255 2919 sexus

285 2928 622 2989 christifidelium
635 2959 651 2984 ‚
677 2934 798 2977 etiam
815 2934 1070 2979 clericorum
1088 2935 1128 2977 δι
1141 2936 1256 2978 Pres-

285 2991 528 3048 byterorum
543 2990 827 3042 poenitentium
839 3019 853 3043 ‚
881 3007 980 3051 quos
995 2992 1046 3037 ad
1062 3006 1133 3037 vos
1150 2994 1191 3037 in
1205 2994 1257 3038 il·

284 3047 335 3096 lis
351 3050 529 3107 partibus
543 3062 756 3094 recurrere
770 3052 984 3109 contigerit
1044 3051 1256 3097 consenio-

285 3122 359 3154 nes
376 3108 518 3151 audire
533 3135 547 3157 ‚
571 3106 717 3164 eosque
740 3111 914 3169 singulos
927 3142 944 3163 ,
1011 3113 1066 3156 de
1078 3110 1259 3155 commis-

289 3168 338 3214 fis
369 3166 527 3212 delictis
552 3165 602 3211 ab
633 3169 781 3212 intimis
811 3169 1005 3222 doleant,
1035 3184 1259 3226 eorumque

293 3225 454 3269 veniam
479 3224 868 3283 humiliterpetann
897 3230 946 3271 ab
969 3230 1154 3272 omnibus
1168 3242 1266 3282 pee-

293 3284 395 3328 catis
408 3313 424 3336 ,
437 3284 665 3328 criminibus
682 3313 697 3336 ,
710 3283 923 3330 exeeffibns
939 3314 956 3337 ,
970 3288 1009 3329 ἃ.
1021 3288 1177 3331 delictis
1192 3301 1265 3344 per

287 3355 362 3386 *eos
388 3341 625 3393 commistis,
652 3358 808 3387 necnon
835 3346 859 3388 ὲ
875 3345 1077 3402 quibusvis
1101 3359 1265 3389 excom-

295 3402 593 3454 municationis,
603 3404 726 3446 etiam
742 3402 900 3458 majoris
914 3433 928 3456 ‚
944 3402 1212 3460 suspenfionis,
1225 3405 1265 3447 δε

295 3458 525 3511 interdicti,
535 3461 701 3518 aliishue
716 3462 997 3507 Ecclesiasticis
1025 3457 1233 3506 sententiis
1244 3489 1258 3511 ,

295 3514 498 3583 censuris,
523 3520 564 3560 δι
590 3522 755 3576 ροειιῐςέι
767 3519 880 3578 jure,
907 3520 973 3564 vel
997 3521 1047 3564 ab
1062 3522 1261 3566 homine,

292 3587 434 3630 quavis
447 3579 679 3629 occasione,
698 3580 760 3623 vel
776 3580 888 3624 causa
912 3580 1005 3623 latis
1021 3607 1036 3635 ,
1065 3579 1090 3622 fi
1117 3581 1260 3636 quibus

291 3632 602 3699 quomodolibet
616 3638 794 3681 innodati
815 3639 984 3682 existunt
998 3666 1012 3689 ,
1042 3639 1082 3681 in
1099 3636 1260 3693 quibus-

289 3701 348 3732 vis
363 3690 646 3742 cafibus,etiam
659 3697 840 3740 locorum
853 3698 1137 3749 Ordinariis,&
1151 3700 1259 3752 Apo·

288 3747 867 3856 ῆοΙὶεαΊε-,ὃὲἶὶῧῗιυοωοάοὶώοῑ
882 3757 1090 3803 reservatis
1104 3785 1119 3811 ‚
1133 3755 1255 3812 etiam

1294 301 1337 344 in
1353 300 1500 344 litteris
1515 297 1582 341 die
1596 298 1738 341 Coenae
1753 301 1919 345 Domini
1932 305 2008 362 legi
2022 311 2280 362 sol‘itis,con·‘:

1298 363 1451 413 tentis,
1479 368 1740 413 praeterquam
1758 360 1991 412 homicidii,
2016 370 2079 409 vel
2107 370 2279 410 mutila,

1299 417 1420 461 tionis
1448 417 1717 459 membrorum
1745 418 1918 470 personae
1946 420 2125 477 Episcopi
2154 451 2168 472 ,
2199 434 2272 466 aut

1303 476 1462 522 Praelati
1477 504 1491 527 ,
1510 474 1575 517 vel
1592 476 1851 529 Presbyteri,
1863 476 1904 516 &
1921 475 2094 530 cujusvis
2109 481 2277 523 alterius

1300 532 1479 592 personae
1509 532 1791 576 Ecclcfiastn'cae
1821 534 1861 574 in
1896 533 2027 576 Sacris
2053 536 2277 577 Ordinibus

1300 593 1526 641 constitutae
1540 619 1555 644 ,
1579 590 1748 646 injunaa
1763 591 1859 635 inde
1887 591 1944 634 eis
1962 606 2036 646 pro
2052 591 2174 633 modo
2186 592 2279 633 cul-

1296 668 1354 710 pae
1373 649 1612 709 poenitentia
1629 649 1823 703 salutari,
1846 651 1893 707 A&
1906 650 2010 701 aliis,
2023 664 2108 706 quae
2122 649 2281 691 duxeri-

1296 714 1349 763 tis
1377 709 1636 769 injungenda,
1651 709 1691 751 in
1708 708 1802 752 foro
1816 706 2070 752 conscientia
2093 706 2286 753 tantum..

1294 768 1507 814 absolvere
1526 782 1539 812 ε
1565 770 1619 811 Et
1633 766 1911 826 quoscumque
1933 767 2092 823 insuper
2119 765 2283 809 haereti·

1299 843 1370 874 cos
1384 858 1400 880 ,
1418 827 1688 872 schismaticos
1705 857 1719 880 ,
1748 830 1788 872 δι
1801 831 1823 872 a
1842 825 1940 872 Fide
1955 826 2182 871 Christiana
2196 852 2211 873 ‚
2242 825 2283 866 &

1300 889 1520 933 Catholica
1537 887 1763 943 Apollatas,
1778 889 1816 930 &
1830 888 2063 930 aberrantes
2081 886 2286 943 poeniten-

1302 957 1361 993 tes
1375 974 1388 998 ,
1405 962 1451 990 ac
1477 946 1527 989 ad
1543 958 1617 989 cor
1631 946 1850 990 redeuntes
1862 973 1876 994 ,
1893 947 1942 988 ab
1959 943 2286 989 excommunica-

1302 1009 1420 1051 tionis
1437 1035 1451 1058 ,
1480 1005 1766 1061 suspensionis,
1793 1007 1833 1048 δι
1859 1005 2095 1056 ἰοιετάἰέὶί,
2122 1003 2288 1059 aliisque

1304 1064 1588 1110 Eccleliasticis
1603 1062 1813 1108 sententiis
1828 1094 1842 1116 ‚
1866 1064 2040 1107 censuris
2052 1092 2067 1116 ,
2084 1063 2124 1104 &
2141 1060 2288 1119 pennis,

1302 1121 2290 1239 3³23d2‘25251‘02325s‘ssu’jfi‘23323?assxssffsssbssz

1302 1241 1570 1288 incurrerint,
1584 1237 1809 1281 dummodo
1823 1239 1950 1281 corde
1964 1232 2132 1291 (interd,
2148 1240 2186 1280 8ι
2206 1236 2287 1280 fide

1301 1313 1379 1343 non
1415 1296 1504 1339 fieta
1536 1295 1677 1351 sponte
1706 1293 1869 1338 haereses
1882 1321 1896 1342 ‚
1925 1293 2088 1337 schisma
2104 1325 2117 1347 ,
2135 1296 2290 1352 aposta-

1300 1360 1393 1403 siam
1408 1385 1424 1411 ‚
1439 1358 1477 1399 &
1491 1366 1651 1398 errores
1677 1353 1766 1398 suos
1782 1352 1969 1399 detestati
1988 1349 2137 1397 fuerint
2150 1380 2166 1403 ‚
2193 1365 2287 1396 ana-

1303 1414 1716 1462 thematizaverint&
1731 1413 2031 1470 abjuraverint,
2057 1426 2105 1456 ac
2131 1412 2172 1453 in
2192 1425 2286 1468 gre-

1304 1478 1427 1519 mium
1457 1478 1605 1518 Sancte
1628 1474 1773 1515 Matris
1804 1473 1988 1515 Eccleliae
2004 1471 2127 1526 recipi
2151 1471 2191 1511 δι
2214 1468 2292 1512 ada·

1304 1535 1412 1579 mitti
1442 1533 1652 1575 humiliter
1666 1531 1856 1587 petierint
1872 1533 1937 1582 ,in
1954 1529 2081 1573 forma
2099 1528 2288 1572 Ecclefiae

1302 1591 1491 1637 consueta
1505 1620 1520 1643 ‚
1554 1588 1724 1645 injuncta
1752 1590 1844 1632 inde
1868 1589 1924 1631 eis
1939 1601 2013 1644 pro
2027 1586 2151 1629 modo
2165 1585 2228 1629 cul
2234 1598 2291 1641 pae

1308 1651 1537 1711 penitentia
1557 1648 1721 1692 salutari
1734 1675 1748 1697 ‚
1762 1649 1802 1691 δι
1814 1646 1902 1690 aliis
1915 1645 2187 1703 injungendis,
2200 1657 2292 1700 pr05

1310 1724 1356 1755 ut
1370 1723 1511 1754 corum
1525 1707 1644 1751 saluti
1674 1707 1868 1762 expedire
1882 1706 2159 1762 cognoveritis
2175 1733 2190 1755 ,
2215 1706 2308 1756 in...=

1312 1770 1404 1813 foro
1418 1768 1666 1811 conscientiae
1678 1769 1889 1810 dumtaxat
1902 1792 1917 1814 ‚
1936 1763 2173 1823 absolvere,
2185 1763 2297 1806 reci—

1310 1842 1407 1886 pere
1420 1856 1435 1880 ‚
1448 1830 1489 1870 δι
1513 1826 1786 1870 reconciliare
1800 1853 1815 1876 ‚
1827 1827 1869 1867 Gr.
1882 1824 1980 1869 alias
1993 1824 2105 1881 juxta
2119 1822 2297 1866 formam

1309 1888 1538 1931 litterarum
1557 1883 1761 1927 facultatis
1774 1885 1906 1928 Vobis
1919 1880 2110 1926 conccss'ae
2123 1897 2194 1939 per
2206 1884 2293 1926 Ve-

1310 1945 1512 1988 nerabiles
1543 1946 1710 1988 Fratres
1731 1942 1884 1986 nostros
1906 1945 1950 1984 S.
1963 1944 2015 1984 R.
2034 1940 2295 1985 acardina·

1311 2003 1372 2048 les
1392 2002 1582 2046 adversus
1595 2003 1821 2046 haereticam
1840 2000 2085 2057 pravitatem
2107 2002 2294 2042 Genera⁴

1309 2063 1371 2106 les
1393 2060 1668 2118 lnquifitores3
1681 2063 1743 2103 Ac
1758 2061 1935 2111 demum,
1955 2070 1998 2102 ut
2015 2056 2299 2100 christifideli«

1308 2121 1380 2165 bus
1395 2120 1588 2175 pra-dietis
1607 2124 1733 2164 Sacrat
1751 2118 2019 2168 Eucharifliae,
2038 2118 2078 2158 8ι
2098 2116 2176 2158 alia
2193 2114 2316 2170 quae-s

1309 2191 1483 2234 cumque
1512 2181 1773 2221 Sacramenta
1795 2189 2051 2234 quocumque
2077 2174 2169 2216 anni
2195 2186 2295 2215 tem-

1308 2236 1545 2295 pore,etiam
1560 2238 1598 2278 in
1615 2236 1821 2286 Paschatc,
1843 2236 1869 2276 fi
1890 2245 2024 2278 tamen
2048 2233 2104 2274 ibi
2131 2230 2299 2288 Episco-u'

1309 2310 1382 2353 pus
1398 2324 1413 2348 ‚
1425 2304 1492 2337 aut
1508 2295 1694 2351 proprius
1708 2295 1913 2339 Parochus
1941 2308 2020 2336 non
2039 2290 2177 2334 existat
2188 2320 2202 2343 ,
2216 2291 2314 2349 mi-‘k

1308 2356 1494 2407 nistrare,
1509 2356 1550 2397 δι
1563 2355 1716 2410 nuptiis
1734 2367 1804 2411 per
1820 2354 1922 2409 ipsos
1941 2353 2102 2396 Fideles
2116 2350 2295 2393 invicem

1308 2414 1492 2471 legitime
1523 2413 1810 2457 contrahendis
1842 2415 1881 2454 in
1914 2413 2013 2456 locis
2042 2439 2057 2463 ,
2087 2411 2128 2452 in
2150 2410 2302 2466 quibust
2384 2410 2394 2417 “

1309 2474 1492 2530 proprius
1510 2475 1716 2517 Parochus
1733 2502 1745 2525 ‚
1758 2475 1802 2516 δε
1817 2470 2032 2527 Episcopus
2046 2470 2098 2512 de
2115 2469 2176 2517 sit,
2193 2479 2295 2511 tam-

1308 2546 1430 2588 quam
1449 2533 1603 2589 proprii
1620 2533 1807 2581 Pan-ochi,
1821 2530 2019 2582 intercise,
2041 2544 2088 2572 ac
2115 2529 2199 2572 illis
2214 2528 2302 2572 So-¹

1310 2590 1564 2632 cerdotalem
1578 2590 1902 2632 benedictionem
1919 2587 2168 2642 impendere,
2186 2585 2300 2631 libe-.

1311 2647 1356 2691 re
1369 2649 1409 2689 δι
1430 2647 1543 2690 licite
1576 2647 1724 2703 ponitis
1739 2648 1780 2689 ὃ(
1797 2646 1964 2688 valeatis
1979 2674 1994 2698 ,
2023 2646 2182 2701 plenam
2197 2673 2212 2694 ,
2242 2642 2297 2684 li-

1312 2708 1454 2750 beram
1469 2734 1483 2757 ,
1506 2708 1543 2748 &
1556 2706 1831 2749 omnimodam
1851 2705 2081 2752 licentiam,
2096 2705 2136 2744 δε
2162 2699 2297 2743 facul-

1314 2777 1439 2809 tatem
1455 2766 1694 2807 aue'toritate
1707 2763 1952 2819 Apostolica,
1971 2773 2114 2804 tenore
2128 2758 2300 2816 praesenq

1316 2826 1417 2869 tium
1443 2825 1704 2867 concedimus
1719 2824 1759 2864 δι
1784 2821 2039 2877 indulgemus
2054 2850 2066 2862 .
2096 2824 2191 2864 Non
2221 2818 2302 2865 oba

1292 2924 1297 2927 ,
1315 2883 1515 2928 stantibus
1531 2880 1954 2931 Constitutionibus,&
1968 2877 2294 2926 ordinationibus

1315 2942 1566 3000 Apostolicis
1588 2970 1603 2992 ,
1631 2938 1862 2997 ceterisque
1890 2937 2103 2983 contrariis
2129 2934 2293 2995 quibus-

1316 3015 1494 3058 cumque
1510 3028 1520 3039 ·
1537 3000 1803 3045 Decernimus
1815 2998 2159 3051 autem,volumus
2176 2998 2215 3038 δε
2228 2995 2301 3038 de·

1319 3061 1518 3104 claramus
1544 3057 1773 3118 hujusmodi
1787 3058 2000 3102 facultates
2027 3060 2066 3102 in
2092 3057 2299 3115 praesenti-

1320 3121 1393 3163 bus
1413 3118 1554 3163 nostris
1569 3120 1716 3163 litteris
1730 3128 1944 3162 contentas
1963 3120 2101 3167 vobis,
2127 3118 2169 3159 δι
2189 3116 2301 3160 cuili-

1326 3179 1396 3221 bet
1412 3176 1582 3222 vestrum
1597 3179 1637 3221 in
1650 3176 1823 3222 solidum
1837 3176 1913 3222 eise
1928 3175 2146 3227 concessas,
2163 3190 2209 3217 ae
2226 3183 2301 3219 vo-3

1327 3238 1387 3282 bis
1404 3239 1443 3280 in
1457 3239 1574 3280 dictis
1589 3239 1796 3281 dumtaxat
1814 3237 1993 3293 partibus
2008 3233 2303 3281 commorantia

1328 3297 1433 3350 bus,
1465 3296 1526 3340 vel
1552 3312 1622 3353 per
1641 3297 1727 3340 illas
1744 3296 2043 3340 transeuntibus
2073 3289 2300 3347 suffragari,

1326 3356 1396 3398 nili
1421 3358 1445 3402 a
1464 3358 1594 3400 Nobis
1615 3356 1724 3399 aliud
1753 3355 1877 3397 Vobis
1908 3351 2093 3409 expresse
2119 3351 2299 3394 mandari

1325 3419 1537 3470 contingat
1566 3445 1578 3457 .
1601 3416 1668 3458 Sic
1695 3415 1820 3469 igitur
1849 3415 1886 3454 in
1910 3412 2098 3455 obeundo
2126 3413 2202 3453 hoc
2229 3412 2299 3466 pio

1323 3474 1540 3516 ministerio
1554 3474 1684 3516 Vobis
1710 3469 1930 3518 commisto,
1945 3470 2099 3512 talenta
2125 3469 2253 3511 Vobis
2274 3472 2300 3513 ὲ

1320 3531 1496 3574 Domino
1512 3531 1669 3574 credita
1695 3542 1886 3572 exercere
1913 3528 2128 3578 studeatis,
2157 3537 2202 3572 ut
2232 3543 2300 3573 ea·

1321 3589 1414 3632 dem
1431 3603 1577 3645 magno
1591 3602 1682 3631 cum
1705 3586 1835 3629 fructu
1851 3587 2057 3642 duplicata
2088 3595 2298 3643 reportanae

1321 3655 1382 3689 tes
1398 3676 1412 3698 ,
1424 3649 1473 3690 ab
1490 3647 1574 3702 ipso
1594 3645 1773 3688 Domino
1786 3655 1990 3699 tamquam
2020 3648 2136 3688 Servi
2151 3647 2297 3689 boni&

1316 3703 1456 3749 fideles
1473 3704 1630 3747 laudari
1644 3730 1658 3752 ,
1685 3704 1785 3745 &in
1808 3704 1970 3760 celestia
1987 3703 2064 3757 ejus
2080 3705 2225 3762 gaudia
2240 3707 2298 3748 in-

1315 3771 1424 3807 trare
1439 3778 1511 3818 ‚ac
1527 3762 1690 3820 praemia
1707 3762 1834 3817 digna
1862 3763 2069 3806 laboribus
2099 3764 2232 3807 vestris
2258 3765 2297 3807 in

1771 3824 1812 3865 N
1829 3835 1853 3863 n
1883 3834 1907 3862 2
2123 3833 2238 3867 aeter·
