2496 4172
970 155 1448 272 ‹Apostolica
1474 221 1493 241 .

247 312 365 351 trum
383 304 620 349 Nostrorum
636 300 801 346 confilio
816 302 857 344 δι
872 299 1020 344 affensu
1036 330 1050 352 ,
1075 299 1221 355 praedi·

255 371 359 408 etum
378 366 630 408 FIDELEM
645 364 668 406 a
680 362 944 418 Sigmaringa‚
957 359 1220 403 Sacerdotem

253 424 422 468 Ordinis
444 425 630 466 Fratrum
645 421 852 463 Minoi-um
879 421 916 460 S.
931 417 1127 463 Francisci
1143 422 1227 461 Ca·

2028 180 2186 291 363

1279 298 1539 367 scriptionis,
1563 301 1743 344 mandati
1757 330 1774 354 ,
1794 307 1926 350 statuti
1942 337 1959 361 ,
1982 313 2252 366 relaxationis,

1279 361 1321 402 δι
1336 360 1556 402 voluntatis
1571 358 1792 414 infringere
1806 389 1820 410 ,
1849 365 1911 404 vel
1925 368 1961 406 ei
1974 371 2064 410 ausu
2081 381 2253 412 temera-

1286 421 1351 461 rio
1365 420 1595 461 contraire.
1628 420 1770 473 Siquis
1789 428 1922 460 autem
1946 423 2023 463 hoc
2048 436 2253 468 attentare

250 483 488 540 pucinorum
504 509 519 532 ,
548 482 600 525 de
626 479 739 533 cujus
756 481 838 520 vita
860 476 990 521 sancte
1015 478 1226 527 traducta,
1285 474 1606 533 praesumpserit‚
1637 478 1956 536 indigestionem
1985 482 2254 534 Omnipoten-

247 544 289 585 &
305 551 436 585 morte
462 555 536 598 pro
551 537 776 583 Catholicae
793 536 910 580 Fidei
925 536 1219 593 propagatione

250 598 428 659 perpessa
440 628 455 652 ,
479 600 612 655 deque
625 596 826 639 miraculis
841 594 959 650 ipsius
973 594 1221 638 interceffio-

253 674 305 704 ne
322 659 485 716 patratis
500 653 715 714 plenlffim'e
728 654 966 702 constabat,
990 654 1031 694 δι
1045 654 1222 704 constat,

252 722 442 764 sanetum
468 714 617 760 Christi
633 715 855 768 Martyrem
884 711 960 755 effe
975 712 1222 768 pronuncia·

257 781 416 830 vimus,¹
441 777 481 818 δι
501 775 739 820 Sanctorum
759 773 987 828 Martyrum
1014 770 1220 826 Catalogo

248 835 489 892 adscriptum
502 861 519 886 ,
544 833 593 875 ab
609 830 790 876 universa
804 829 1024 874 Catholica
1039 829 1218 873 Ecclefia

246 893 460 944 honorari,
478 893 516 933 δι
530 890 639 943 coli,
655 890 908 934 decrevimus
921 918 934 942 ,
948 886 1220 939 definivimus,

247 954 286 996 Bt
309 947 526 1008 respective
551 948 856 1001 mandavimus3
888 950 933 991 In
952 949 1128 991 Nomine
1144 948 1219 990 Pa-

247 1011 347 1060 tris,
373 1013 411 1052 &
430 1008 550 1058 Filii,
574 1011 613 1051 &
631 1010 801 1064 Spiritus
829 1008 990 1050 Sancti:
1020 1006 1220 1049 Omnibus

245 1082 406 1127 quoque
424 1066 773 1113 christifidelibus
789 1097 803 1120 ,
828 1067 896 1122 qui
921 1064 1081 1122 singulis
1109 1066 1220 1108 annis

239 1131 313 1173 ¹’die
327 1141 450 1171 xxiv.
471 1126 621 1183 Aprilis
638 1152 654 1175 s
679 1125 776 1169 vere
803 1124 1042 1182 poenitentes
1067 1125 1105 1165 δι
1120 1137 1221 1166 con-

245 1187 327 1231 sell'i
341 1215 358 1240 ,
386 1184 604 1229 Ecclefiam
626 1185 922 1228 cathedralem
948 1183 1185 1226 Curiensem
1203 1210 1219 1232 ,

246 1248 286 1291 in
301 1259 378 1302 qua
393 1245 548 1288 sacrum
560 1244 752 1301 Martyris
772 1242 965 1298 Corporis
982 1240 1221 1291 afferratur,

245 1304 396 1347 devote
418 1302 666 1346 visitaverint
679 1331 693 1355 ,
721 1301 873 1360 septem
890 1314 1039 1354 annos,
1065 1300 1102 1341 St
1118 1300 1220 1341 toti-

244 1362 339 1404 dem
356 1360 656 1420 Qadragenas
670 1361 723 1405 de
739 1361 920 1418 injunctis
934 1360 990 1403 eis
1004 1387 1019 1410 ,
1045 1357 1109 1401 seu
1123 1355 1220 1401 alias

244 1420 395 1463 debitis
410 1419 677 1475 poenitentiis,
688 1422 830 1464 eadem
845 1419 1089 1462 auctoritate
1103 1413 1218 1459 mist-

242 1477 464 1522 ricorditer
476 1478 517 1520 in
533 1478 710 1522 Domino
727 1479 950 1521 relaxantes
961 1505 972 1518 .

244 1546 246 1548 ·
359 1537 463 1578 Mox
476 1538 759 1593 Omnipotenti
775 1539 864 1579 Deo
880 1549 971 1578 cum
986 1533 1153 1589 Angelis
1174 1533 1216 1575 82

243 1596 394 1639 Sanffls
419 1593 504 1641 eius
539 1596 805 1638 humillimam
831 1596 1045 1650 gratiarum
1082 1589 1214 1633 astio-

240 1662 330 1696 nem
343 1679 358 1702 ,
384 1650 645 1708 demissasque
671 1665 808 1709 preces
838 1665 910 1707 per
937 1650 1054 1705 ipfius
1081 1646 1213 1692 saneti

238 1711 385 1755 merita
405 1708 629 1767 ,offerentes
642 1736 657 1759 ,
688 1710 738 1753 ad
768 1709 919 1753 sacram
954 1707 1065 1751 Beati
1095 1708 1210 1751 Petri

238 1775 272 1815 A
279 1766 420 1827 postoli
453 1768 754 1813 Consellionem
778 1767 1062 1812 sacrosanctum
1091 1762 1211 1808 Miffae

240 1825 492 1874 Sacrificium
500 1841 604 1872 cum
617 1829 1010 1871 commemoratione
1032 1824 1212 1883 ejusdem

241 1886 370 1931 Sancti
386 1885 607 1931 monus
621 1886 841 1940 Martyris,
861 1898 937 1928 nee
951 1898 1034 1928 non
1049 1884 1212 1927 Sancto-

245 1954 334 1987 rum
351 1944 545 1997 Camilli,
558 1945 692 1996 Petri,
704 1942 891 2001 &Joseph
905 1939 1215 1993 confessorum,

242 2005 472 2059 Sanfftaeque
487 2003 718 2047 Catharinae
735 2002 910 2058 Virginis
929 2001 951 2045 a
966 2001 1094 2044 Nobis
1108 2000 1211 2056 pari-

243 2070 306 2105 rer
323 2065 557 2106 Sanctorum
584 2061 677 2105 albo
699 2060 782 2104 rite
806 2060 1123 2117 adscriptorum,
1149 2058 1210 2102 so·

241 2120 431 2163 lemniter
457 2120 751 2165 celebravimus
764 2148 780 2174 ,
809 2134 853 2164 ac
880 2119 1053 2176 denique
1078 2118 1211 2161 humi-

238 2178 349 2222 liatis
373 2180 415 2222 in
429 2178 636 2236 conspeetu
653 2179 816 2222 Domini
830 2177 1037 2224 Fidelibus
1051 2176 1208 2220 cunetis

238 2236 291 2279 ibi
308 2237 565 2294 presentibus
581 2266 595 2289 ,
622 2237 844 2293 plenariam
863 2237 1044 2280 omnium
1061 2248 1207 2293 pecca·

240 2305 376 2338 torum
393 2295 696 2348 Indulgentiam
710 2296 846 2350 largiti
861 2295 1004 2339 suimus
1022 2323 1036 2336 .

351 2351 622 2395 Gratulemur
641 2353 768 2408 igitur
788 2354 937 2395 invicto
951 2352 1206 2395 Orthodoxae

236 2410 466 2467 Religionis
494 2412 675 2455 Proconi
694 2436 709 2460 ,
742 2412 809 2455 cui
834 2411 1026 2454 donatum
1050 2411 1104 2454 est
1131 2424 1206 2467 pro

239 2468 408 2515 Christo
416 2498 432 2520 ,
455 2482 534 2511 non
552 2467 681 2512 solum
695 2479 740 2527 ut
752 2470 935 2514 crederet
949 2470 989 2512 in
1001 2484 1094 2514 eum
1108 2497 1123 2520 ‚
1138 2466 1204 2511 sed

238 2530 419 2572 etiamut
434 2536 639 2581 pateretur
653 2540 729 2582 pro
740 2542 790 2569 eo
799 2556 815 2578 ‚
828 2537 951 2583 atque
968 2527 1021 2571 ita
1033 2542 1107 2583 per
1122 2540 1207 2568 mo-

239 2595 500 2630 mentaneum
513 2583 786 2627 tribulationis
799 2594 1021 2635 certamen,
1030 2584 1081 2627 ad
1096 2595 1206 2640 eter-

241 2641 621 2688 num-Beatitudinis
651 2642 898 2699 triumphum
913 2643 1140 2698 perveniret
1165 2642 1205 2684 in

239 2701 375 2746 Coelis
392 2731 408 2754 ,
437 2701 503 2744 ubi
519 2713 610 2743 eum
630 2714 705 2756 pro
719 2700 948 2754 Catholicae
965 2700 1078 2744 Fidei
1100 2699 1216 2744 dila--

241 2761 396 2804 tatione
407 2786 421 2810 ,
445 2761 485 2803 δι
501 2772 577 2815 pro
593 2768 823 2814 temporum
839 2760 1077 2804 Nostrorum
1094 2770 1206 2804 tran-

240 2819 450 2876 quillitate
461 2846 476 2870 ,
502 2816 608 2873 apud
624 2819 837 2862 Auctorem
852 2819 959 2874 pacis
975 2818 1112 2862 nostre
1126 2849 1141 2872 ,
1168 2820 1211 2862 δι

240 2875 603 2920 consummatorem
615 2876 726 2919 Fidei
740 2875 812 2921 suae
823 2905 839 2931 ,
852 2875 1204 2934 deprecatorem..-

239 2934 327 2978 fore
343 2933 602 2978 confidimus.
1211 2950 1214 2953 ⁴

355 2995 414 3039 Ut
428 3002 562 3037 autem
576 2992 763 3049 premissa
777 2995 912 3039 omnia
929 3005 1129 3051 perpetua
1146 2993 1210 3039 fu·

240 3062 424 3096 tutorum
451 3061 679 3108 temporum
694 3054 894 3098 memorie
919 3055 1210 3100 commenden-

239 3120 308 3154 tur
322 3139 337 3162 ,
364 3113 452 3154 Nos
481 3124 530 3153 ea
554 3108 802 3165 ‘praesentium
818 3115 1064 3157 Litterarum
1091 3117 1126 3157 A
1159 3127 1208 3155 o-

241 3170 467 3214 stolicarum
481 3178 621 3212 tenore
638 3169 676 3211 in
691 3171 870 3214 omnium
887 3185 958 3228 per
973 3129 1207 3217 universum

241 3228 396 3270 Orbem
408 3227 596 3270 notitiam
609 3227 757 3271 deduci
775 3232 975 3274 voluimus
987 3259 1004 3281 ,
1020 3234 1209 3276 mandan-

242 3293 327 3335 tes,
358 3295 401 3328 ut
420 3285 647 3328 earumdem
663 3286 910 3342 praesentium
925 3288 1177 3346 transumptis
1193 3318 1206 3339 ‚

239 3345 321 3388 five
338 3345 531 3400 exemplis
544 3372 559 3397 ,
577 3344 699 3386 etiam
716 3346 902 3401 impreffis
915 3374 930 3398 ,
949 3361 1065 3391 manu
1079 3349 1205 3394 alicu·

239 3403 302 3459 jus
320 3402 479 3446 Notarii
494 3402 647 3459 publici
663 3402 884 3461 subscriptis
895 3433 909 3458 ,
922 3406 962 3448 δι
974 3405 1103 3462 sigillo
1116 3422 1207 3463 per·

241 3458 342 3505 sone
378 3462 417 3504 in
449 3461 719 3505 Ecclefiastica
750 3462 950 3519 dignitate
986 3465 1207 3510 constituta

242 3519 404 3563 munitis
418 3547 431 3568 ‚
459 3520 599 3563 eadem
616 3521 664 3563 ab
676 3524 864 3564 omnibus
879 3521 977 3565 fides
994 3523 1206 3576 habeatur,

238 3591 324 3634 quae
346 3577 431 3632 ipsis
447 3580 699 3634 praesentibus
714 3582 977 3638 adhiberetur
992 3608 1007 3630 ,
1031 3581 1204 3631 fisorent

238 3637 422 3697 exhibitae
435 3663 451 3688 ,
467 3638 532 3680 vel
547 3638 704 3682 ostensae
718 3668 730 3680 .

1282 536 1332 577 tis
1349 536 1423 579 Dei
1441 563 1456 586 ,
1477 551 1523 579 ac
1540 538 1758 580 Beatorum
1776 536 1941 579 Petri&
1955 536 2070 578 Pauli
2087 540 2256 590 Aposto-

1284 595 1414 638 lorum
1430 594 1513 651 ejus
1530 595 1568 638 se
1581 598 1747 639 noverit
1763 594 2010 638 incursurum
2025 623 2037 634 .

1406 656 1557 696 Datum
1575 656 1715 698 Romae
1733 652 1839 709 apud
1853 655 2036 696 Sanctum
2052 654 2255 697 Petrum..

1285 715 1407 757 Anno
1424 713 1716 757 Incarnationis
1735 713 1950 755 Dominicae
1966 711 2180 754 millesimo
2197 709 2259 752 se·

1281 773 1593 828 ptingentelimo
1613 771 1914 829 quadragesimo
1928 771 2038 812 sexto
2055 767 2256 814 Kalendas

1273 830 1395 889 Julii,
1413 831 1683 876 Pontificatiis
1697 830 1833 876 Nostri
1849 833 1970 873 Anno
1987 830 2114 874 Sexto
2126 858 2141 871 .

1596 956 1674 1036 ›1‹
1723 953 1860 1041 Ego
1882 947 2256 1015 Benedictus

1664 1044 2015 1110 Catholicae
2042 1043 2255 1107 Eccle-

1661 1135 1753 1201 fiae
1773 1134 2116 1224 Episcopus
2134 1181 2149 1197 .

1400 1287 1498 1326 Cum
1513 1254 1807 1340 Samriptionk
1821 1282 2255 1340 Eminentiffi'morurm

1284 1342 1544 1385 Dominarum
1562 1344 1842 1386 cardinalium
1854 1344 1898 1385 1'n
1911 1343 2032 1384 Alma
2047 1339 2147 1383 Urbe
2159 1351 2254 1383 tunc

1271 1409 1361 1457 pre
1380 1401 1531 1445 entium
1547 1430 1559 1443 .

1337 1520 1548 1618 Εκὸαέζοιν
1561 1518 1783 1577 impreffim
1810 1514 1856 1558 r‘n
1872 1514 2043 1559 Arcblvo
2059 1515 2240 1570 generali

1424 1590 1447 1617 r
1477 1589 1517 1617 88
1538 1590 1554 1618 5
1570 1605 1582 1617 0

1272 1769 1465 1815 Beatum
1485 1781 1664 1832 quoque
1675 1767 1928 1834 Joseruuu
1957 1761 1984 1810 a
2010 1757 2255 1811 Leoniffa..

1341 1833 1661 1956 &affirmem
1700 1838 1746 1884 in
1766 1835 2002 1911 Coclitum
2018 1830 2260 1916 Ordinem¹

1344 2047 1779 2103 BENEDICTUS
1818 2045 2187 2100 EPISCOPUS

1472 2165 1644 2208 savus
1677 2168 1931 2210 Seitvoaura
1964 2164 2060 2210 Det,

1411 2281 1480 2326 Ad
1500 2288 1730 2338 perpetuam
1761 2283 1824 2324 νη·
1852 2280 2109 2324 memoriam

1399 2412 1543 2456 Umani
1558 2413 1716 2468 generis
1730 2411 2004 2468 Redemptor,
2019 2410 2095 2453 Dei
2109 2408 2249 2458 Filius,

1417 2472 1621 2525 Sapientia
1652 2472 1806 2520 Patris,
1851 2473 1905 2514 ita
1931 2482 2090 2514 mentes
2119 2469 2252 2511 homi-

1266 2543 1360 2572 num
1377 2559 1392 2580 ,
1406 2529 1573 2584 disjeaa
1594 2532 1749 2579 veteri,
1766 2528 1844 2585 qui
1858 2528 2146 2586 operiebantur
2158 2556 2172 2579 ‚
2188 2541 2254 2568 ca-

1266 2586 1389 2642 ligine
1405 2616 1419 2639 ,
1450 2600 1564 2631 novo
1578 2588 1766 2630 doctrine
1780 2587 1970 2630 Coeleflis
1997 2586 2253 2642 splendore.»

1267 2645 1483 2690 illustravit
1501 2673 1515 2696 ,
1546 2654 1588 2686 ut
1605 2645 1714 2688 fimul
1734 2645 1783 2686 ad
1801 2644 1885 2699 ejus
1904 2644 2036 2688 lumen
2065 2645 2250 2686 ductum-

1265 2717 1345 2760 que
1370 2702 1612 2761 sequendum
1629 2730 1643 2752 ,
1673 2704 1855 2746 maximis
1883 2706 1918 2745 δι
1947 2703 2128 2759 pretiosis
2156 2714 2254 2756 pro·

1267 2761 1385 2807 mislis
1401 2762 1630 2819 languentia
1654 2762 1777 2806 corda
1793 2762 1968 2806 erexerit
1989 2763 2029 2804 δι
2042 2761 2255 2804 excitave-

1268 2821 1321 2865 rit
1339 2851 1350 2863 .
1384 2825 1447 2866 lta
1464 2835 1590 2877 porro
1607 2821 1703 2863 dum
1721 2834 1794 2862 nos
1809 2820 1999 2870 edocuit,
2031 2817 2185 2876 abjecti
2199 2818 2254 2860 de

1269 2882 1463 2938 perituris
1485 2880 1636 2924 divitiis
1666 2879 1968 2928 sollicitudine,
2001 2877 2252 2922 Thesaurum

1267 2955 1352 2986 non
1376 2939 1632 2984 deficientem
1662 2939 1699 2981 in
1714 2938 1840 2981 Coelo
1867 2939 1983 2981 nobis
2010 2952 2151 2995 parare
2168 2963 2183 2987 ,
2212 2935 2252 2977 in

1269 3013 1396 3055 eoque
1413 2998 1682 3055 cogitationes
1699 2997 1739 3040 ἃ
1755 2996 1880 3040 corda
1895 2997 2026 3040 nostra
2041 2995 2220 3052 defigere
2233 3022 2250 3046 ,

1267 3058 1381 3103 simul
1400 3059 1522 3100 etiam
1538 3055 1795 3100 certiffimam
1825 3054 2052 3111 hujusmodi
2069 3051 2250 3099 Thesau-

1266 3121 1304 3162 ri
1319 3116 1555 3173 adipiscendi
1576 3115 1682 3172 spem
1701 3116 1814 3159 nobis
1832 3115 2005 3158 ostendit
2020 3143 2034 3166 ,
2062 3116 2101 3157 in
2122 3113 2253 3155 Dei&

1267 3177 1399 3221 Patris
1415 3175 1536 3218 nostri
1555 3174 1805 3231 benignitate
1821 3174 2030 3217 fundatam
2045 3200 2059 3223 ,
2080 3172 2142 3215 cui
2161 3171 2252 3225 pla·

1267 3236 1381 3284 cuit,
1413 3234 1628 3277 humilitati
1647 3234 1787 3277 nostrae
1805 3236 1992 3289 Regnum
2016 3241 2247 3275 neroum-0

1266 3294 1478 3350 disponere
1503 3292 1755 3336 &destinare
1769 3320 1780 3331 .
1813 3292 1937 3348 Quod
1958 3291 1982 3332 fi
2000 3289 2150 3333 terreni
2166 3288 2252 3328 Re-

1267 3354 1365 3410 gni,
1395 3352 1650 3409 quantumvis
1665 3352 1833 3400 caduci,
1867 3348 2096 3402 fastigium,
2130 3345 2250 3388 vilio-

1265 3413 1380 3456 ribus
1395 3412 1596 3455 mercibus
1613 3437 1627 3459 ,
1657 3422 1727 3454 aut
1746 3423 1874 3464 parvo
1890 3407 2022 3460 agello
2035 3435 2049 3457 ,
2083 3404 2251 3447 luteisve

1265 3469 1389 3522 calis,
1421 3483 1542 3513 nemo
1568 3483 1648 3511 non
1677 3466 1933 3510 anteferrem
1967 3464 1992 3506 fi
2024 3471 2250 3506 momenta-

1265 3543 1379 3573 neam
1412 3528 1689 3571 obleaationis
1726 3525 1982 3578 voluptatem
2018 3535 2134 3565 nemo
2170 3533 2251 3576 prae

1263 3586 1427 3641 Imperii
1461 3584 1590 3641 gloria
1608 3614 1626 3638 ,
1666 3583 1980 3639 ampliffimaque
2004 3580 2250 3624 dominatio-

1262 3660 1313 3688 ne
1330 3673 1344 3695 ,
1371 3658 1453 3687 non
1476 3645 1780 3697 aspernaretur3
1812 3643 1903 3697 quis
1930 3641 2009 3683 erit
2036 3636 2248 3694 profeelo,

262 3754 272 3762 .
353 3695 468 3738 Nulli
483 3709 580 3753 ergo
594 3700 763 3741 omnino
777 3700 982 3744 hominum
998 3699 1113 3742 liceat
1126 3715 1197 3756 pa·
1257 3703 1326 3759 qui
1342 3704 1566 3746 mundanas
1578 3728 1591 3749 ,
1622 3702 1756 3757 quanti
1773 3714 1833 3742 vis
1849 3700 1996 3756 pretii,
2009 3712 2108 3753 opes
2123 3726 2139 3751 ,
2169 3713 2245 3754 po·

231 3766 364 3809 gmam
381 3755 482 3798 hanc
498 3756 636 3800 nostrae
651 3755 1113 3813 definitionis,decreti,
1127 3759 1198 3802 ad·
1256 3762 1379 3806 tentia
1392 3777 1430 3804 m
1443 3789 1458 3814 ,
1487 3763 1663 3806 honores
1676 3791 1693 3813 ‚
1722 3773 1960 3817 comparare
1984 3757 2127 3802 audeat
2153 3771 2246 3800 cum

2089 3808 2189 3859 ines·
