2496 4172
1036 145 1469 262 Apostolica
1493 213 1511 232 .

243 300 321 345 tari
335 328 348 352 ,
380 297 540 342 irritum
556 298 594 342 δι
610 297 721 340 inane
733 295 927 340 decernas
939 322 954 347 ‚
971 307 1055 337 non
1068 293 1228 338 obstan-³

2042 172 2209 276 387

1287 295 1446 338 cuidam
1464 294 1531 336 suo
1560 295 1709 338 cultori
1737 297 1786 338 ab
1811 302 1950 345 eadem
1966 306 2010 346 Β.
2029 309 2079 348 V.
2108 306 2272 350 manife-

241 360 347 404 tibus
363 357 482 415 priori
500 357 929 408 voluntatenostra,‘ac
947 354 1225 412 Lateranenfis
1286 355 1395 398 ssatae
1409 357 1588 397 ereetum
1604 383 1617 396 .
1651 357 1757 396 Cum
1773 357 1903 410 postea
1917 359 2034 416 larga:
2051 364 2276 416 eleemosy-

242 418 420 461 Concilii
435 415 640 459 noviffime
654 415 876 466 celebrati,
908 413 1074 456 uniones
1088 426 1230 468 perpe-

241 486 361 529 tuas,
391 475 457 519 nifi
484 476 524 518 in
549 475 699 517 caribus
726 474 747 515 a
771 473 861 531 jure
885 471 1107 528 permistis,
1142 469 1229 514 fieri

240 534 495 593 prohibentis
507 563 524 589 ,
539 533 696 589 aliisque
712 530 1088 575 Constitutionibus
1101 533 1139 572 δι
1155 544 1230 573 οι·-

243 593 518 637 dinationibus
543 590 812 647 Apostolicis‚
842 602 1001 632 necnon
1028 589 1231 632 Monaste-

238 655 288 697 rii
317 651 554 697 Monialium
569 653 608 693 δι
625 647 797 701 Domus,
809 663 856 691 ac
871 648 1071 691 ordinum
1090 646 1233 703 hujus·

244 712 374 760 modi,
386 713 506 754 etiam
521 710 747 767 juramento
759 709 836 750 &c.
853 708 1090 763 approbatis
1116 709 1156 749 δι
1168 708 1234 749 in-

241 769 562 825 novatis,quibus
575 767 759 810 omnibus
772 768 852 809 διο.
863 765 1046 822 expresse
1061 766 1233 822 deroga·

243 843 333 873 mus
345 856 359 881 ,
382 827 600 882 ceteristJue
613 827 826 869 contrariis
840 824 1146 882 quibuscunque
1160 852 1171 864 .

356 888 508 929 Datum
534 887 672 928 Romae
695 884 801 940 apud
828 887 1013 927 Sannum
1042 888 1226 928 Marcum

236 946 365 993 'Anno
406 944 702 989 Incarnationis
748 944 970 987 Dominicae
1017 942 1230 987 millesimo

243 1004 562 1063 quingentesimo
595 1002 849 1058 nonagefimo
877 1005 1043 1059 quinto,
1078 1004 1227 1046 tertio·

241 1064 402 1109 decimo
419 1061 627 1106 Kalendas
643 1062 832 1106 octobris
855 1059 1119 1107 Pontificatus
1135 1064 1226 1106 No·

244 1122 312 1172 stri
327 1123 449 1166 Anno
461 1124 623 1178 Quarto
635 1149 647 1163 .

304 1239 549 1298 Autograpb.
569 1239 610 1283 in
628 1239 799 1283 Arebtvo
813 1238 1055 1283 conventas.
1083 1240 1089 1246 ⁴

431 1473 673 1528 Pro-vincire
692 1474 1016 1543 Mediolanetfis
1033 1508 1049 1524 .
1096 1500 1099 1502 ·

166 1609 168 1612 ’
253 1594 484 1647 Nonnulli
500 1594 770 1647 Conventus
798 1594 822 1642 a
844 1595 1083 1645 Provincia
1109 1589 1234 1642 diffe-

267 1725 274 1734 ί
318 1679 481 1716 cantur
497 1699 515 1722 ,
529 1663 579 1716 δι
599 1666 767 1716 unitim
782 1681 890 1713 cum
909 1665 1008 1713 aliis
1026 1668 1123 1715 Ser.
1142 1666 1234 1712 Re-

249 1786 252 1791 ,
276 1769 279 1773 -
313 1729 365 1805 gi
382 1734 598 1794 Sardiniae
619 1754 673 1786 ac
699 1733 928 1786 sabaudiae
946 1736 1065 1786 Duci
1094 1731 1236 1795 subje-

315 1805 416 1873 ᾃὶε·
426 1807 471 1854 in
487 1807 777 1856 Provinciam
805 1803 1051 1874 S-Josephi
1077 1805 1102 1855 ὲ
1121 1808 1237 1855 Leo-

316 1872 718 1944 niffajappellatam
736 1877 976 1946 eriguntur
987 1909 1003 1926 .

249 2006 780 2062 BENEDICTUS
817 2006 1022 2056 PAPA
1060 2009 1229 2059 XIV.

395 2124 461 2167 Aa!
481 2132 715 2181 perpetuam
736 2126 800 2169 ret
831 2126 1055 2168 memoriam
1070 2152 1087 2173 ,

324 2241 488 2298 Νῐυηᾶἰ
516 2241 643 2285 Nobis
673 2256 745 2297 per
773 2243 1063 2289 abundantiam
1091 2241 1235 2286 divinae

340 2299 480 2355 gratiae
493 2299 701 2353 pastoralis
715 2301 837 2343 officii
862 2302 1084 2344 solicitudo
1108 2301 1237 2357 postu-

247 2357 335 2408 tat,
365 2366 411 2400 ut
440 2358 498 2398 his
511 2358 589 2399 διε.
623 2357 826 2412 Rest'duuen
852 2361 938 2402 atde
961 2357 1074 2414 Infra
1101 2359 1238 2416 infiat

247 2416 517 2473 Suppkmcmi
544 2415 806 2474 remiserundi
819 2445 832 2458 .

483 2533 727 2585 Provincia
742 2535 980 2602 Brixietfis
999 2572 1013 2586 .

478 2664 1003 2718 DECRETO

373 2782 510 2833 Sacra
541 2782 880 2853 congregationis
910 2783 1120 2836 concilii.

261 2910 341 2963 Ad
362 2910 618 2962 custodiam
643 2915 895 2966 Sanostuarii
923 2919 978 2965 B.
993 2920 1057 2967 V.
1071 2918 1236 2968 Mariae

324 3000 468 3052 prope
481 2983 708 3035 Titanum
728 2986 845 3038 duos
863 2989 1041 3037 Fratres
1055 2987 1114 3038 de
1126 2989 1235 3040 Pro-

324 3054 478 3104 vincia
497 3052 706 3123 deputari
720 3057 1031 3111 committitur
1046 3094 1060 3110 .

543 3182 760 3244 Beatifflne
782 3188 904 3230 Pater
919 3215 933 3228 .

254 3300 315 3412 I
328 3302 368 3344 N
386 3295 771 3345 Territorio'Ti'rani
784 3331 800 3357 ,
823 3301 906 3347 loci
929 3303 995 3348 seu
1011 3304 1131 3360 Burgi
1160 3307 1232 3350 in.›

343 3360 465 3406 Valle
479 3359 643 3403 Tellina
654 3360 924 3418 conspicui,in
941 3365 1232 3419 temporalibus

254 3417 452 3462 Dominio
464 3420 732 3463 Dominornm
748 3421 985 3465 Rhaetorum
998 3448 1013 3469 ‚
1037 3425 1078 3465 δι
1102 3424 1140 3465 in
1157 3419 1234 3479 spi-

254 3475 463 3537 ritualibus
478 3477 651 3521 Dioecefi
668 3480 967 3523 Novocomenfi
985 3476 1235 3536 subje&i,re-

252 3534 418 3602 peritur
439 3536 602 3580 celebre
639 3536 854 3594 Templum
882 3566 897 3589 ‚
943 3537 1139 3582 milliario
1178 3541 1228 3582 ab

253 3593 440 3638 incolatu
464 3594 610 3638 distans
639 3624 654 3648 ,
681 3601 838 3654 Magnae
862 3597 1045 3653 Deiparae
1064 3599 1232 3651 Mariae,

249 3665 339 3707 quae
352 3651 417 3697 die
437 3667 506 3710 29.
521 3654 768 3710 Septembris
784 3671 888 3699 anno
907 3670 1030 3712 ¹504·
1047 3657 1101 3698 ibi
1117 3671 1232 3699 com-

248 3713 383 3765 paruit
396 3740 411 3762 ,
423 3710 680 3765 dedicatum,
705 3717 745 3757 ἃ
769 3716 790 3757 ὲ
813 3716 908 3758 dieti
924 3716 1004 3759 loci
1019 3717 1176 3771 populo
1191 3717 1232 3757 in

249 3765 484 3873 obsquium
503 3771 750 3875 ινῧιιιπιιῑῐς»
778 3775 819 3817 in
854 3777 942 3819 afra
966 3776 1230 3832 apparitionis

401 3842 479 3872 om.
571 3857 583 3869 .

1290 427 1351 457 nae
1368 416 1391 457 a
1405 414 1532 456 totius
1550 412 1676 455 Vallis
1691 414 1850 455 devotis
1868 418 2008 456 incolis
2037 424 2089 462 ob
2106 431 2167 461 tot
2184 434 2278 474 pso.

1290 472 1399 530 digia
1413 473 1453 513 &
1466 472 1658 516 miracula
1673 500 1687 523 ‚
1713 485 1795 527 quae
1809 473 2030 514 Beatissima
2047 478 2173 531 Virgo
2190 476 2277 530 post

1289 531 1586 590 apparitionem
1599 532 1653 573 ibi
1665 533 1825 587 operari
1843 533 2009 587 dignata
2024 531 2077 572 cst
2091 557 2104 578 ‚
2126 535 2164 573 in
2184 547 2276 587 gra-

1293 591 1442 632 tiarum
1459 592 1657 634 anienem
1673 589 1827 633 fuiffent
1853 589 2040 641 collam,
2066 589 2279 631 celeritate

1294 650 1334 690 δι
1362 649 1658 705 magnificentia
1695 649 2018 692 extraordinaria
2053 661 2154 703 opus
2183 647 2282 686 San-

1293 709 1430 751 t‘iuarii
1447 706 1521 752 fuit
1536 710 1757 765 inceptum,
1767 707 2108 756 consummatum,
2120 708 2159 748 δε
2173 706 2193 746 a
2204 705 2279 746 de-

1293 768 1463 810 votione
1489 768 1724 814 Incolarum
1752 783 1830 811 non
1863 767 2016 822 exiguis
2043 766 2282 809 munitum...

1290 824 1512 869 redditibus
1543 857 1559 878 ,
1588 841 1761 883 quorum
1794 827 1943 870 intuitu
1972 829 2061 869 Leo
2089 827 2143 867 Χ.
2175 836 2281 865 anno

1297 898 1422 941 ¹5¹3·
1453 886 1747 932 Communitati
1774 887 1910 931 Titani
1938 898 2080 928 eorum
2104 882 2282 928 admini-

1288 944 1544 996 strationem,
1572 959 1663 987 cum
1680 945 1871 988 facultate
1897 942 2123 986 functiones
2151 944 2278 984 sacras

1289 1003 1584 1059 promovendi,
1611 1005 1650 1046 &
1664 1019 1756 1048 cum
1784 1005 1923 1060 amplo
1937 1002 2249 1058 jurispatronatu
2264 1027 2280 1050 ,

1288 1062 1586 1118 independente
1604 1063 1626 1104 ὲ
1656 1063 1736 1105 loci
1757 1064 1946 1106 Parocho
1960 1091 1974 1114 ,
2001 1063 2039 1104 &
2055 1058 2279 1104 Ordinatio

1287 1121 1520 1164 Novocomi
1535 1121 1732 1166 commisit
1746 1151 1758 1166 .
1792 1124 1957 1165 Virtute
1977 1121 2092 1177 hujus
2108 1118 2278 1176 privile-

1287 1180 1340 1235 gii
1355 1180 1640 1222 Communitas
1660 1181 1794 1223 Tirani
1810 1181 1992 1236 quolibet
2009 1179 2170 1222 biennio
2183 1190 2278 1234 qua.

1291 1247 1388 1280 tuor
1406 1240 1636 1293 Deputatos
1650 1239 1856 1281 constituit
1870 1266 1884 1286 ,
1915 1240 1955 1280 δι
1967 1237 2197 1280 annualiter
2214 1250 2280 1277 ra-

1289 1297 1444 1340 tionem
1460 1296 1584 1351 exigit
1600 1308 1616 1349 3
1633 1296 1738 1352 [ique
1754 1296 1919 1339 accidat
1931 1323 1946 1345 ,
1969 1296 2079 1351 quod
2094 1295 2279 1337 deducus

1293 1354 1474 1411 expcnfis
1490 1355 1699 1400 annuatim
1714 1369 1789 1410 pro
1802 1354 1979 1400 custodia
2009 1355 2048 1395 δι
2080 1351 2278 1395 decore,

1293 1414 1514 1459 sanctuarii
1540 1415 1698 1472 erogari
1725 1413 1851 1457 solitis
1874 1439 1887 1459 ,
1918 1410 2100 1464 quaedam
2126 1408 2279 1451 summa

1292 1472 1487 1527 superstes
1506 1482 1688 1520 maneat,
1710 1470 1762 1513 ad
1778 1472 1915 1514 cennas
1946 1471 1987 1512 δε
2011 1468 2176 1511 libellos
2203 1482 2280 1524 pro

1293 1530 1571 1574 emolumento
1585 1529 1806 1573 Sanfluarii
1820 1558 1835 1580 ,
1859 1532 1896 1572 &
1911 1543 1987 1586 pro
2003 1528 2278 1582 Religionu

1294 1588 1510 1632 Catholica
1531 1589 1572 1630 in
1594 1587 1710 1631 dietis
1735 1587 1835 1630 locis
1861 1589 1984 1644 magis
2006 1585 2280 1629 conservanda

1294 1646 1506 1691 investitur
1520 1675 1532 1689 .
1557 1646 1647 1702 Jam
1670 1648 1768 1689 vero
1782 1658 1956 1703 quatuor
1973 1645 2165 1699 Deputati
2183 1644 2278 1684 lon-

1296 1705 1346 1763 gi
1359 1706 1438 1763 jam
1452 1705 1699 1762 experientia
1712 1705 1849 1749 edocti
1862 1734 1877 1758 ‚
1899 1702 2011 1762 quod
2037 1717 2133 1747 cura
2147 1701 2287 1747 Sacri-‚²

1295 1767 1400 1818 fliae,
1429 1764 1633 1821 hucusque
1655 1766 1832 1808 Clericis
1856 1766 1895 1807 ez
1918 1761 2103 1808 Personis
2122 1760 2283 1805 saecula-

1295 1826 1406 1868 ribus
1431 1824 1635 1869 commiffa
1660 1852 1675 1876 ,
1703 1822 1822 1868 finem
1849 1824 2024 1879 politic,
2049 1822 2210 1865 decoris
2238 1819 2282 1867 &z

1295 1883 1533 1927 attentionis
1548 1891 1630 1927 tam
1654 1882 1802 1927 famoso
1821 1882 1995 1939 Templo
2025 1880 2172 1925 debitae
2195 1892 2284 1930 nora

1297 1942 1571 2000 consequatur
1598 1972 1611 1996 ,
1640 1943 1750 1986 illam
1778 1942 1934 1987 duobus
1957 1943 2038 1984 1²1³.
2057 1938 2282 1996 Capucinis

1294 2003 1584 2048 Sacerdotibus
1600 2004 1639 2044 &
1654 2001 1912 2046 Conseffariis
1928 2028 1943 2053 ,
1973 2000 2038 2044 vel
2064 1995 2283 2044 Sacerdoti

1292 2063 1450 2115 &laico
1469 2091 1485 2115 ,
1514 2070 1637 2119 prout
1653 2061 1795 2105 melius
1818 2064 1856 2104 &
1881 2059 2150 2117 opportunius
2163 2056 2283 2099 dietis

1294 2121 1512 2178 Deputatis
1531 2120 1737 2164 videbitur
1752 2150 1767 2173 ,
1787 2128 1874 2164 tum
1897 2133 1972 2176 pro
1997 2117 2137 2160 effee'lu
2160 2114 2280 2171 suspi-

1295 2190 1386 2223 ratae
1399 2179 1613 2234 vigilantiae
1628 2206 1643 2229 ,
1671 2182 1712 2222 δι
1736 2180 1891 2222 decore
1903 2177 2125 2222 Sanftuarii
2145 2204 2160 2228 ,
2192 2186 2282 2217 tum

1296 2253 1371 2296 pro
1389 2240 1639 2282 Exterorum
1650 2239 1846 2281 continuo
1857 2237 1906 2280 ad
1922 2235 1961 2279 id
1975 2235 2282 2280 accurrentium

1296 2297 1521 2340 commodo
1537 2295 1723 2340 conferre
1738 2326 1752 2348 ,
1766 2298 1807 2341 δι
1822 2307 2040 2353 eapropter
2057 2294 2285 2340 habitatio-⁴

1298 2370 1389 2399 nem
1404 2370 1480 2413 pro
1493 2355 1607 2399 dietis
1626 2356 1811 2399 Patribus
1837 2358 1878 2397 in
1897 2355 2041 2398 vicinia
2058 2351 2280 2396 sanctuarii

1298 2415 1594 2472 quamprimum
1613 2417 1799 2471 erigere,
1832 2415 1955 2471 iisque
1984 2416 2037 2458 de
2049 2414 2190 2456 debita
2215 2410 2283 2453 su-

1297 2475 1540 2517 stentatione
1571 2475 1786 2531 providere
1812 2474 2052 2519 intendunt.
2086 2476 2193 2517 Hunc
2227 2467 2282 2513 ad

1297 2534 1429 2576 Sanft.
1447 2532 1592 2575 Vestroe
1603 2533 1725 2589 pedes
1740 2534 1931 2588 prostrati
1948 2531 2176 2575 humillime
2193 2530 2279 2583 sup-

1297 2593 1473 2649 plicant,
1501 2602 1699 2647 quatenus
1717 2591 2013 2633 Communitati
2030 2589 2165 2631 Tirani
2180 2602 2282 2645 pra·⁴

1298 2652 1439 2702 dietat,
1464 2651 1503 2691 δι
1529 2651 1774 2693 consecrarit)
1805 2649 1918 2692 dicus
1942 2649 2093 2704 pariter
2104 2657 2281 2703 quatuor

1299 2710 1513 2768 Deputatis
1526 2723 1605 2765 pro
1620 2720 1809 2766 tempore
1823 2708 2061 2751 facultatem
2079 2704 2278 2763 impertiri

1298 2770 1490 2826 dignetur
1526 2783 1578 2812 ex
1604 2773 1824 2812 conventu
1855 2769 2052 2812 Titanum
2074 2763 2281 2810 inter—ee

1297 2829 1575 2872 sanctuarium
1591 2840 1860 2870 memoratum
1874 2827 1963 2879 fito,
1976 2825 2100 2869 velex
2115 2826 2282 2868 coven-

1296 2899 1339 2932 tu
1357 2890 1521 2930 alterius
1535 2901 1583 2931 ex
1597 2887 1789 2929 Brixienfi
1804 2883 2280 2930 velMediolanenfiPro-

1297 2948 1454 2994 vinciis,
1466 2960 1540 2989 ceu
1554 2946 1666 2989 Valli
1690 2946 1861 2989 Tellinae
1876 2944 2135 2988 conterminis
2147 2969 2161 2992 ‚
2175 2942 2279 2983 duos

1294 3011 1458 3052 Fratres
1489 3006 1705 3062 Deputatis
1732 3002 1939 3049 benevisos
1971 3015 2064 3045 cum
2086 2999 2280 3046 coniensu

1293 3068 1342 3110 P.
1355 3065 1573 3109 Generalis
1591 3062 1814 3121 seligendi,
1848 3063 1926 3106 fine
1940 3072 2078 3104 tamen
2090 3059 2281 3118 praejudi-

1294 3127 1362 3169 cio
1387 3122 1639 3178 subjectionis
1667 3124 1876 3180 Superiori
1894 3122 1990 3164 dieti
2007 3117 2278 3172 Conventfis3

1295 3184 1462 3227 videtur
1479 3183 1603 3235 enim,
1616 3184 1725 3240 quod
1739 3183 1882 3226 labore
1897 3184 1948 3223 ab
1965 3181 2053 3235 ipsis
2068 3180 2108 3222 in
2124 3179 2202 3219 hoc
2217 3174 2281 3218 of·

1227 3241 1230 3244 ⁴
1293 3242 1385 3286 ficio
1394 3241 1642 3291 adhibendo,
1657 3255 1779 3285 onera
1794 3242 1874 3284 alia
1887 3268 1902 3291 ‚
1921 3253 2007 3295 qua:
2021 3237 2121 3280 alias
2135 3236 2176 3277 in
2190 3236 2275 3276 Re·

1291 3303 1443 3358 ligione
1458 3300 1620 3345 sufferre
1644 3301 1868 3348 deberent,
1892 3297 2134 3340 sufficienter
2160 3306 2279 3336 com-

1292 3367 1512 3419 pensentur
1525 3391 1537 3402 .
1570 3363 1706 3420 Qam
1719 3360 1896 3416 gratiam
1906 3358 1983 3398 &c-

1425 3480 1504 3523 Βία
1517 3478 1665 3520 decima
1678 3487 1824 3533 quarta
1838 3470 1992 3520 Martii
2014 3482 2137 3523 1750·

1421 3599 1509 3639 Sac.
1545 3593 1826 3650 congregatio
1864 3587 2275 3634 Eminentiffimorum

1290 3658 1328 3699 S.
1359 3657 1414 3698 R.
1435 3657 1483 3697 E.
1516 3653 1800 3698 Cardinalium
1829 3648 2008 3694 Concilii
2038 3648 2275 3692 Tridentini

1290 3715 1583 3769 interpretum,
1597 3714 1648 3755 ad
1662 3725 1779 3768 quam
1794 3708 2060 3753 Sanctiffimus
2076 3707 2275 3749 Dominus

1292 3774 1428 3818 noster
1442 3773 1661 3830 supplicem
1678 3773 1787 3814 hunc
1801 3769 1988 3812 libellum
2004 3767 2153 3811 remifit
2165 3792 2181 3814 ‚
2212 3775 2275 3807 at-

1685 3834 1725 3874 C
1741 3844 1762 3872 c
1780 3843 1800 3870 c
1834 3842 1857 3871 2
2104 3823 2218 3868 tenta
