2496 4172
963 174 1438 294 Apostolica
1466 242 1482 260 .

353 328 451 383 Quo
465 323 695 382 opportune
710 324 899 381 praemiss'o
911 354 925 376 ‚
951 324 1045 381 apte
1070 324 1205 367 distin·

234 385 391 442 guenda
407 388 493 428 sunt
511 413 525 436 ,
537 383 772 442 divertbque
787 383 873 439 jure
889 383 1082 428 censenda
1095 384 1176 427 duo
1189 410 1204 434 ,

234 457 320 500 quae
332 444 474 487 exinde
487 445 694 498 profluunt
707 469 722 492 2
734 453 914 489 extrema
929 457 942 486 :
962 442 1084 487 Aliud
1099 443 1205 484 enim

234 500 291 546 est
301 532 317 554 ,
348 502 456 560 quod
469 503 622 558 Cophti
640 515 688 546 ex
703 500 955 557 indulgentia
970 500 1204 556 Apostolicae

234 561 346 604 Sedis
389 561 539 604 licitam
571 561 638 605 libi
669 559 871 604 adstruant
902 559 1126 602 collatione

232 620 436 675 utriusque
447 619 868 670 sacramenti,servato
886 617 1107 659 Orientalis
1124 618 1202 658 Ec-

233 678 360 721 cleliae
375 679 472 722 Ritu
484 705 502 729 ,
531 679 582 721 ab
601 675 746 733 eadem
759 678 793 718 A
799 675 992 732 postolica
1007 675 1108 718 Sede
1124 688 1203 716 non

232 737 414 792 expresse
431 736 585 787 vetito,
617 734 681 778 sed
709 735 910 779 tolerato:
943 733 1084 788 Longe
1109 737 1203 777 vere

235 794 452 842 diversum,
465 795 574 849 quod
589 793 847 837 tolerantiam
862 794 902 834 in
917 793 1094 849 pejorem
1109 805 1200 846 par-

232 862 318 895 tem
355 855 641 908 detorquentes
671 851 915 895 abhorreant
945 855 968 895 ὲ
995 852 1199 905 baptismo

229 910 333 955 Ritu
351 910 496 955 Latino
507 909 685 962 collato,
716 912 792 953 hoe
810 909 1047 967 potiffimum
1069 911 1198 951 nomi·

229 966 1200 1082 i'iffe’tssssffdsceifflnfici,fiiffifflitfs‘iepffliffffi:

229 1085 343 1131 Sedis
367 1085 606 1142 Apostolicae
628 1084 847 1130 consonum
889 1086 1014 1128 videri
1044 1085 1169 1142 potest
1184 1113 1199 1137 ‚

229 1143 337 1202 quod
353 1145 505 1200 Cophti
519 1145 560 1187 in
588 1144 661 1187 suo
687 1145 839 1202 jamdiu
856 1154 1047 1200 recepto,
1081 1145 1122 1185 &
1152 1144 1200 1186 ab

229 1203 374 1247 eadem
388 1203 494 1247 Sede
515 1203 691 1247 tolerato
711 1202 779 1246 usu
791 1202 1042 1259 perseverent
1057 1227 1071 1250 a
1099 1203 1197 1245 Ita...

228 1260 439 1306 ferendum
449 1274 531 1304 non
541 1262 619 1317 pst,
633 1261 744 1320 qnod
758 1260 995 1317 Baptismum
1012 1261 1107 1302 Ritu
1127 1263 1199 1302 La—

228 1321 345 1372 tino,
371 1319 587 1362 &seorsim
614 1320 636 1362 e
653 1318 974 1364 confirmatione
1000 1318 1195 1362 collatum

227 1381 378 1421 acerbo
388 1404 403 1428 ,
415 1376 628 1434 alienoque
642 1380 775 1421 animo
789 1376 1092 1434 perhorrescant
1106 1403 1119 1418 .

341 1437 535 1479 Proeterea
549 1436 647 1480 licet
659 1436 764 1492 apud
780 1435 1062 1480 Occidentales
1074 1436 1196 1479 etiarn

226 1492 427 1539 Eeelclias
450 1495 493 1536 in
521 1508 637 1539 more
660 1494 783 1551 polita
802 1496 1043 1552 quandoque
1074 1492 1196 1537 fuerit

223 1553 510 1609 Baptismatis,
535 1555 574 1595 δι
600 1553 937 1598 Confirmationis
962 1552 1194 1598 limultanea

222 1611 396 1655 collatio
418 1639 433 1665 ,
462 1613 500 1654 &
533 1611 613 1655 haec
644 1612 893 1656 consuetudo
928 1613 966 1655 in
997 1611 1195 1668 aliquibus

223 1668 476 1713 Dioecelibus
490 1674 675 1714 anteacto
689 1680 873 1726 tempore
887 1667 1118 1721 inoleverit,
1134 1669 1195 1725 ju·

221 1739 292 1772 xta
303 1728 482 1785 exempla
499 1729 627 1774 relata
653 1733 676 1774 ὲ
701 1731 926 1773 Via-ecorum·
936 1731 979 1772 in
1006 1728 1136 1772 run.
1151 1730 1195 1769 de

227 1781 455 1844 Confirmat.
470 1797 553 1844 cap.
570 1802 631 1843 ¹4·
647 1814 661 1837 ‚
676 1788 716 1831 dt
730 1794 753 1834 a
771 1791 952 1831 Marem
976 1788 1023 1830 de
1034 1788 1191 1843 antiqu.

225 1845 370 1900 ficales-⁸
384 1847 464 1889 ΚΜ.
480 1845 548 1888 m.
573 1854 700 1901 t.cap.
719 1859 757 1890 a.
773 1857 855 1889 art·-
881 1858 940 1889 tn:
975 1846 1195 1889 Nihilomi-

225 1910 303 1947 nus
331 1903 526 1959 abrogato
556 1903 712 1960 prorsus
741 1907 768 1950 a·
783 1906 963 1947 Romana
984 1903 1195 1948 Eeclefin..

229 1959 399 2002 aliarum
410 1960 542 2004 Matre
555 1987 570 2011 ‚
594 1963 635 2004 δι
666 1963 850 2017 Magistra
867 1961 1091 2017 hujusmodi
1105 1974 1195 2003 mo·

227 2031 273 2061 re
286 2044 300 2067 ,
328 2017 619 2062 conffiltiffimis
646 2018 899 2065 Summotittn
917 2018 1198 2064 Pontificum.»

226 2075 408 2120 Decretis
424 2076 594 2132 provide
605 2087 764 2122 cautum
777 2077 833 2121 est
845 2107 859 2131 ‚
875 2087 917 2121 ut
931 2079 1079 2121 renatis
1093 2081 1197 2120 Fon·

225 2143 267 2178 te
295 2134 542 2189 baptismatis
568 2136 825 2180 conferretur
851 2142 1193 2180 Sacramentum..

223 2191 556 2236 Confirmationis
568 2196 608 2236 in
621 2207 668 2236 ea
681 2193 805 2237 soltlm
816 2194 932 2235 aetate
944 2220 959 2244 ,
975 2193 1013 2234 in
1027 2206 1106 2249 qua
1125 2192 1190 2235 1³5-

223 2249 336 2292 delcs
351 2277 364 2300 ,
377 2251 578 2293 evacuatis
589 2278 604 2302 ,
619 2264 702 2305 quae
715 2259 832 2292 erant
861 2248 1016 2305 parvuli
1030 2277 1045 2303 ,
1070 2249 1188 2292 intel·

219 2308 408 2363 ligerem,
425 2309 582 2353 tantum
597 2310 699 2350 inter
713 2308 750 2351 se
767 2305 926 2352 differre
943 2307 1186 2362 Baptismum

217 2366 256 2408 δε
275 2363 632 2409 confirmationem
646 2394 661 2419 ,
673 2366 866 2423 quantum
881 2367 919 2409 in
934 2368 1185 2410 naturali—vi-

216 2434 259 2467 ta
271 2422 387 2466 distat
399 2425 610 2481 generatio
621 2426 670 2467 ab
684 2426 941 2470 incremento
955 2455 971 2478 ,
988 2423 1102 2483 {eque
1114 2439 1186 2482 per

217 2482 462 2538 Baptismum
479 2481 837 2540 fuilsequidem‘ad
857 2484 1039 2527 militiam
1072 2498 1183 2528 rece-

216 2549 312 2598 ptos
322 2565 338 2590 2
367 2554 441 2597 per
452 2541 816 2586 Conlimationem
828 2544 934 2586 vero
942 2542 992 2585 ad
1008 2557 1185 2600 pugnam

213 2600 429 2643 roboratos
448 2626 463 2650 ,
493 2602 536 2643 δε
562 2600 612 2644 ad
646 2599 907 2657 perferendos
933 2614 1080 2656 agones
1112 2616 1183 2657 pet·

216 2658 406 2701 Gratiam·
425 2657 632 2702 instructos
646 2686 658 2701 .
689 2658 747 2702 Ex
778 2673 857 2716 quo
882 2657 929 2700 fit
941 2684 954 2708 ,
983 2669 1027 2701 ut
1052 2660 1184 2715 rigide

216 2715 482 2761 animadverti
497 2718 536 2760 in
563 2730 631 2762 eos
662 2727 851 2775 oporteat
875 2744 889 2767 ‚
918 2715 948 2758 fi
972 2717 1049 2774 qui-
1071 2716 1183 2759 forte

213 2774 416 2819 sanctioris
430 2774 593 2834 hujusce
603 2774 818 2833 disciplina·
830 2775 1008 2820 instituta
1024 2773 1183 2831 refuge·

215 2843 307 2876 rent
321 2860 335 2883 ,
349 2842 419 2877 aut
433 2843 741 2878 contemnerent
753 2863 774 2888 ,
797 2847 1035 2891 omnemque
1047 2847 1180 2877 curam

215 2891 482 2934 adhibendam
500 2890 574 2935 effe
586 2919 600 2943 ,
612 2900 657 2934 ut
671 2894 719 2935 ab
731 2905 894 2943 errore,
919 2894 960 2937 δι
973 2893 1181 2944 cecitate,

213 2949 401 2993 Eccleliae
416 2949 679 2993 Latinaeadeo
696 2949 898 3005 injuriosa,
912 2952 1180 2995 retrahantur.

329 3009 483 3053 Verum
514 3007 731 3060 attributa,
757 3007 871 3065 juxta
901 3011 1178 3066 pmpofitum„

211 3067 350 3110 thema
365 3095 379 3118 ,
406 3065 694 3111 Sacerdotibus
709 3069 861 3124 Latinis
876 3067 1068 3113 facultate
1081 3082 1179 3110 con-

212 3123 367 3168 ferendi
395 3125 523 3167 statim
547 3125 634 3179 post
657 3127 896 3183 Baptismum
911 3156 925 3180 ‚
952 3125 1178 3172 Confirma-

210 3184 363 3228 tionem
375 3210 388 3231 ,
414 3184 571 3227 tantum
586 3183 691 3227 abest
706 3213 722 3237 ,
748 3194 795 3229 ut
809 3186 1034 3230 orientales
1047 3184 1177 3238 capti·

210 3244 300 3286 vari
396 3252 457 3284 int
473 3242 512 3285 in
529 3241 760 3296 obsequium
787 3242 963 3287 verita'tis
991 3272 1006 3297 ,
1032 3255 1076 3285 ut
1095 3243 1182 3284 imi>

186 3308 191 3314 '
209 3300 346 3344 animo
370 3299 522 3357 semper
537 3299 820 3343 obfirmatiore
836 3299 917 3343 suae
927 3301 1177 3344 adhaererent

213 3357 413 3401 sententia
430 3389 445 3410 ,
462 3373 557 3414 erga
572 3371 687 3415 quam
702 3357 858 3401 facilem
881 3357 936 3410 le,
949 3373 994 3401 ac
1011 3372 1175 3412 pronam

211 3416 444 3470 Apostolica
457 3418 583 3463 Sedes
598 3418 807 3461 exhiberet
825 3445 838 3458 .
864 3418 1061 3459 Praeterea
1083 3418 1175 3459 Hae-

214 3474 331 3517 retici
346 3501 363 3527 ,
375 3477 415 3518 Gt
433 3477 676 3520 Schismatici
691 3505 706 3528 ‚
719 3478 786 3532 qui
803 3475 989 3530 improbo
1001 3500 1014 3522 ,
1030 3487 1177 3528 pravo-

212 3544 290 3586 que
305 3542 348 3573 ut
364 3532 587 3586 plurimum·
607 3535 768 3591 ingenio
783 3533 1090 3577 Cat-holicorum
1117 3531 1178 3574 fa-

212 3592 274 3630 eta
289 3589 633 3644 interpretantur,
655 3593 719 3636 vel
745 3590 1014 3636 inconstantia:
1036 3596 1176 3632 uotam

210 3647 418 3688 inurerent
451 3651 599 3692 Latinis
626 3652 840 3705 &suscepta
857 3648 1002 3697 semel,
1027 3647 1175 3703 proba-

210 3713 331 3760 taque
345 3703 438 3747 disci
446 3706 550 3759 plina
559 3707 878 3762 deflectentibus3
894 3707 959 3750 vel
970 3706 1039 3747 suo
1048 3718 1176 3747 exem-

210 3762 278 3818 plo
293 3767 361 3806 eos
376 3764 629 3808 commoviffe
642 3795 658 3817 ,
675 3768 765 3810 &in
778 3766 860 3809 fua-s
874 3763 1030 3810 traxisse
1043 3772 1174 3820 partes

333 3825 432 3865 Tom.
447 3826 525 3866 VII.

2014 222 2174 304 139

1265 320 1431 377 superbe
1458 318 1689 363 diffitarent
1717 346 1732 371 2
1757 322 1834 377 ipsa
1858 327 2006 368 temere
2037 344 2235 380 vertente,

1263 381 1394 424 officia
1406 380 1563 434 pietatis
1578 380 1617 421 in
1634 380 1816 422 elationis
1831 390 2036 438 argument
2047 401 2113 428 um
2127 416 2140 430 .

1382 439 1420 478 Si
1444 438 1580 492 itaque
1607 451 1652 479 ea
1674 436 1718 478 fit
1738 439 1924 480 Nationis
1942 443 2106 495 Copthae
2136 462 2234 491 eon.

1262 496 1383 547 ditio,
1396 506 1441 537 ut
1458 495 1591 538 Fideli
1606 495 1763 550 Populo
1780 495 2050 540 Confirmatio
2062 502 2234 546 admini-

1262 556 1375 598 strari
1391 565 1562 610 nequeat
1576 555 1624 595 ab
1642 555 1862 610 Episcopis‚
1874 558 2017 610 quibus
2034 559 2150 612 hujus
2169 565 2237 602 Sa-

1261 616 1459 658 cramenti
1485 612 1785 655 administrandi
1821 615 2025 656 ordinaria
2063 619 2236 670 potestas

1263 670 1463 714 commiffa
1479 671 1535 714 est
1550 700 1562 723 ,
1580 671 1745 714 minime
1762 675 1849 715 Nos
1866 672 1998 722 latet,
2030 678 2238 718 eandem-2

1263 730 1577 774 administrandae
1592 729 1925 774 Confirmationis
1940 732 2176 786 potestatem
2190 749 2238 776 ex

1260 789 1430 831 Indulto
1447 789 1683 845 Apostolico
1702 789 1752 832 ad
1767 790 2052 843 Sacerdotem,
2070 791 2133 832 vel
2152 793 2243 835 Mis-

1260 849 1474 892 fionarium
1492 862 1567 903 pro
1584 849 1706 890 modo
1736 849 1972 892 neceffitatis
1996 850 2239 906 quandoque

1260 905 1412 953 deferri
1428 905 1534 963 poffe
1552 935 1563 948 .
1599 906 1832 960 Huiusmodi
1847 908 2053 964 delegatio
2072 923 2149 952 non
2166 925 2241 951 no-

1262 980 1310 1008 va
1324 994 1338 1017 ,
1356 979 1430 1007 nee
1446 965 1632 1008 inufitata
1644 965 1773 1009 videri
1785 966 1907 1011 debet
1919 997 1934 1020 ‚
1966 982 2057 1011 cum
2078 967 2115 1007 S.
2131 971 2240 1011 Gre-

1259 1025 1363 1081 gorii
1376 1025 1510 1080 Magni
1525 1052 1540 1076 ‚
1567 1024 1826 1081 aliorumque
1842 1028 2122 1069 Romanorum
2139 1029 2242 1070 Pon-

1260 1082 1413 1126 tificum
1444 1083 1684 1126 Nostrorum
1710 1083 2050 1128 Pr2decefforum
2082 1084 2239 1131 sanetis-

1260 1142 1364 1184 stmis
1379 1141 1571 1183 innitatur
1601 1141 1799 1196 exemplis
1812 1171 1824 1183 .
1860 1146 1968 1186 Cum
2002 1143 2110 1185 enim
2142 1144 2238 1200 saepc

1259 1199 1494 1254 contigerit,
1508 1198 1802 1243 Christifideles
1819 1202 1991 1245 Pastoris
2007 1202 2149 1245 solatio
2163 1202 2238 1246 effe

1258 1255 1475 1304 destitutos
1494 1285 1508 1307 ,
1526 1259 1565 1299 δι
1582 1257 1792 1314 Epist-opis
1809 1259 1863 1300 ob
1880 1260 2098 1303 distantiam
2120 1262 2236 1304 loco-

1258 1330 1343 1358 rum
1358 1315 1592 1372 impoffibile
1607 1343 1620 1365 a
1654 1315 1717 1359 vel
1733 1316 1899 1362 difficile
1914 1319 2132 1361 admodum
2150 1318 2239 1363 fue-

1256 1376 1315 1419 rit
1331 1374 1575 1430 Populorum
1591 1372 1881 1419 neceffitatibus
1897 1374 2104 1433 praesentes
2121 1377 2204 1421 fieri
2221 1391 2237 1430 ;

1259 1436 1297 1477 in
1314 1436 1412 1475 hanc
1430 1446 1588 1490 partem
1607 1435 1854 1490 Episcopalis
1872 1436 2082 1480 Ministerii
2101 1438 2237 1479 vocati

1258 1493 1345 1535 sunt
1360 1492 1622 1542 Sacerdotes,
1639 1494 1865 1537 dummodo
1880 1489 2095 1538 uterentur
2109 1496 2235 1538 Chri—

1258 1553 1378 1594 smate
1393 1551 1441 1591 ab
1458 1550 1657 1606 Episcopo
1674 1552 1752 1593 rite
1767 1552 1977 1595 benedicto
1993 1580 2007 1602 ,
2035 1554 2073 1594 δι
2102 1552 2236 1595 conse-

1254 1620 1370 1653 erato
1386 1622 1401 1655 t,
1423 1611 1489 1651 Ne
1501 1608 1598 1650 aliis
1613 1608 1901 1662 contingeret,
1933 1610 2090 1657 Fideles
2106 1626 2228 1654 rem...-

1255 1667 1471 1710 sanffltatis
1486 1667 1645 1724 plenam
1663 1668 1889 1710 cuneando
1900 1670 2113 1725 negligere
2125 1697 2141 1721 ‚
2167 1669 2231 1712 vel

1253 1726 1450 1769 decedere
1469 1725 1544 1770 line
1561 1726 1640 1771 hoc
1657 1728 1921 1771 sacramento
1937 1730 2081 1770 divinis
2099 1742 2235 1772 munc-

1254 1787 1365 1829 ribus
1379 1784 1591 1830 cumulato
1604 1811 1622 1839 2
1645 1785 1686 1827 Bt
1701 1785 1750 1828 ad
1768 1787 1940 1831 nostram
1956 1784 2234 1839 sanctificatio-⁴

1255 1858 1346 1887 nem
1361 1844 1545 1888 instituto
1557 1873 1571 1887 .

1374 1901 1598 1958 Apostolici
1615 1901 1740 1958 igitur
1755 1905 1987 1949 Mifflonarii
2007 1932 2022 1955 ‚
2054 1921 2131 1950 non
2160 1903 2234 1949 suae

1256 1960 1512 2003 authoritatis
1531 1960 1812 2014 incremento,
1837 1964 1904 2008 sed
1931 1965 2047 2007 lucro
2071 1967 2230 2006 tantum

1258 2020 1491 2062 Animarum
1509 2018 1722 2068 inhiantes,
1733 2035 1809 2076 qua
1824 2035 1894 2077 par
1908 2022 1979 2073 est,
1994 2020 2204 2064 sedulitate
2217 2048 2232 2070 ‚

1255 2078 1296 2118 δι
1312 2076 1521 2132 diligentia
1536 2078 1764 2131 inquirant,
1781 2094 1829 2121 an
1844 2080 2062 2123 Catholico
2076 2082 2203 2135 Gregi
2215 2106 2230 2130 ‚

1256 2135 1369 2189 super
1381 2147 1462 2188 quo
1479 2134 1632 2188 vigilias
1649 2136 1878 2180 custodiunt
1891 2165 1905 2186 ,
1937 2137 2031 2180 defit
2063 2142 2232 2191 praesen-

1251 2192 1306 2232 tia
1325 2191 1496 2234 Pastoris
1512 2194 1532 2234 ἓ
1544 2205 1592 2232 an
1609 2191 1778 2236 difficilis
1796 2223 1810 2246 ‚
1838 2195 1899 2237 vel
1913 2194 2164 2251 impuliibilis
2181 2196 2229 2239 fit

1249 2248 1433 2305 frequens
1452 2250 1560 2292 illius
1572 2250 1746 2294 accessus
1759 2253 1773 2292 ἓ
1785 2267 1834 2295 an
1851 2252 1979 2296 fidelis
1999 2255 2172 2310 Populus
2186 2255 2227 2297 in

1246 2305 1334 2350 casu
1351 2307 1588 2351 necessitatis
1608 2310 1787 2353 versetur
1808 2314 1823 2354 ἓ
1851 2313 1890 2353 &
1907 2327 1953 2355 an
1969 2312 2128 2355 demum
2144 2314 2228 2356 cir-

1246 2365 1489 2409 cumstantiae
1505 2367 1544 2408 in
1567 2380 1691 2410 unum
1705 2368 2099 2426 colleetae,praemislis
2125 2386 2227 2415 con·

1245 2423 1385 2468 sonent
1401 2425 1594 2481 exemplis
1610 2454 1624 2478 ,
1641 2441 1687 2469 ac
1704 2442 1841 2483 parem
1858 2430 2070 2486 exposcant
2087 2430 2227 2483 provi·

1244 2484 1422 2527 dentiam
1439 2487 1454 2528 Ξ
1486 2487 1647 2539 Integra
1661 2499 1815 2541 porro,
1843 2489 2071 2546 fincetaque
2086 2488 2163 2532 fide
2180 2503 2227 2531 ea

1242 2544 1379 2586 omnia
1390 2546 1678 2598 quamprimum
1692 2548 1930 2591 renuncient
1946 2550 2094 2591 sancia
2115 2548 2223 2598 Sedi,

1242 2611 1285 2641 ut
1302 2615 1346 2644 re
1361 2613 1447 2644 tota
1467 2601 1606 2644 sedule>-
1621 2605 1810 2658 cognita,
1827 2605 2045 2663 intimeque
2060 2609 2222 2660 perspe-

1241 2662 1302 2700 &a
1313 2686 1330 2709 ,
1344 2659 1567 2702 deliberare
1582 2660 1695 2714 pollit
1706 2689 1719 2710 ,
1738 2675 1817 2713 an,
1843 2665 1883 2704 ἅ
1897 2663 1961 2704 cui
1978 2663 2220 2718 potissimum

1242 2718 1505 2772 Presbytero,
1524 2726 1727 2772 tamquam
1746 2720 1929 2761 Ministro
1945 2720 2224 2762 extraordina-

1243 2776 1305 2817 rio
1322 2805 1335 2827 ‚
1350 2774 1563 2818 tribuenda
1580 2777 1625 2817 lit
1642 2775 1723 2818 haec
1738 2777 1964 2819 authoritas
1980 2777 2222 2820 confirman-

1243 2834 1313 2885 di»,
1330 2835 1370 2876 δι
1388 2831 1621 2888 Episcopale
1635 2832 1715 2876 hoc
1733 2849 1874 2878 munus
1888 2835 2093 2879 obeundi.

1360 2894 1434 2947 lpfi
1450 2891 1605 2934 interim
1623 2891 1852 2936 Miffionarii
1870 2923 1884 2947 ‚
1912 2895 2052 2951 quibus
2076 2894 2216 2938 datum

1240 2951 1296 2994 est
1311 2949 1523 2994 exhortari
1539 2952 1575 2991 in
1594 2950 1774 2993 doeh-ina
1800 2949 1890 2996 sarna
1906 2980 1919 3002 ,
1949 2955 1989 2995 &
2017 2968 2084 2997 eos
2101 2982 2116 3007 ,
2146 2954 2215 3009 qui

1240 3010 1551 3058 contradicunt,
1568 3022 1739 3063 arguere
1752 3038 1766 3061 ‚
1795 3009 1971 3069 satagant
1984 3041 2001 3063 ,
2029 3022 2073 3056 ut
2090 3010 2217 3055 fidelis

1240 3068 1419 3123 Populus
1432 3068 1483 3109 ab
1498 3079 1638 3109 errore
1652 3067 1703 3110 ad
1722 3069 1934 3129 veritatem
1948 3097 1963 3119 a
1991 3073 2039 3114 ab
2052 3071 2147 3113 odio
2164 3070 2213 3111 ad

1238 3126 1472 3183 obsequium
1487 3139 1584 3182 erga
1601 3125 1850 3181 Baptismum
1862 3129 2047 3172 Ecclefiae
2063 3131 2214 3172 Larinae

1236 3185 1473 3236 reducatur,
1489 3194 1612 3241 utque
1621 3186 1730 3228 Gens
1743 3186 1812 3228 illa
1830 3187 1993 3230 tandem
2009 3186 2214 3243 agnoscat,

1237 3244 1302 3300 pia
1319 3242 1526 3300 sanctaque
1540 3242 1797 3288 ordinatione
1836 3242 1944 3289 fuisse
1959 3245 2184 3301 dispositum
2199 3272 2213 3296 ,

1237 3311 1281 3345 ut
1296 3301 1453 3346 seorfim
1479 3304 1499 3343 a
1525 3301 1766 3358 Baptismate
1793 3302 2045 3346 conferretur
2072 3307 2211 3344 Sacra-

1237 3371 1415 3403 mentum
1426 3359 1765 3404 Confirmationis
1777 3361 1837 3412 iis5
1848 3361 1917 3417 qui
1932 3361 1970 3401 in
1984 3361 2212 3416 proveetio-

1235 3418 1270 3460 εἰ
1287 3417 1411 3463 essent
1424 3429 1542 3462 aet—ate
1556 3447 1569 3470 ,
1581 3421 1618 3460 δι
1635 3419 1692 3460 ad·
1699 3417 1998 3474 percipiendam
2015 3419 2210 3461 virtutem

1236 3477 1481 3519 Sacramenti
1501 3478 1809 3518 accommodata
1824 3505 1835 3516 .

1351 3537 1446 3576 Haec
1460 3533 1778 3589 quoadprimum
1795 3533 1970 3576 Dubium
1985 3562 1997 3574 .
2029 3534 2124 3589 Quo
2140 3542 2208 3577 ved

1235 3592 1286 3634 rb
1305 3593 1355 3634 ad
1371 3590 1585 3633 seeundum
1599 3620 1614 3641 ,
1648 3590 1744 3633 licet
1760 3590 1799 3632 in
1818 3593 1871 3633 sui
1888 3592 2112 3647 primordio
2126 3595 2206 3636 Ca-

1235 3651 1387 3692 tholica
1405 3648 1580 3690 Ecclesia
1596 3648 1767 3690 haerelim
1784 3649 2024 3703 ciui-antibus
2050 3665 2126 3693 non
2143 3649 2202 3692 le·

1237 3709 1313 3749 mel
1341 3706 1560 3749 ostenderit
1585 3707 1683 3748 dura
1696 3737 1711 3758 ‚
1742 3718 1786 3749 ut
1816 3722 1884 3750 eos
1914 3720 2075 3764 potaret
2107 3709 2203 3750 vino

1234 3778 1376 3820 compu
1383 3764 1567 3813 aetionis,
1585 3763 1756 3864 idesoque
1770 3778 1976 3822 promotos
1990 3769 2199 3869 azsgeros

1691 3841 1714 3867 2.
2060 3842 2076 3869 l*
2109 3842 2138 3867 l·
