2496 4172
1033 158 1521 279 Apostolica.

302 318 543 366 ORDINIS
588 305 1020 360 CAPUCINORUM
1053 334 1070 359 ‚
1119 307 1221 352 SEU

248 378 261 390 ’
575 371 948 422 GALLtARUM·.

275 504 484 543 servorum
496 498 573 538 Dc}
584 491 720 551 affert}
754 487 949 546 Mar-tyrii
967 484 1249 541 Agathangell‚

278 569 283 576 ’
390 557 439 605 &³
459 552 622 614 Casp'ant
644 548 802 594 Ordinis
825 547 1134 603 Capuct'norum.

279 691 282 695 ·
406 671 574 730 Cceptis
600 671 640 713 8:
659 666 843 725 perlectis
867 658 1132 708 relationibus
1146 661 1169 706 a
1184 662 1251 702 Sa·

278 680 396 790 A
434 731 500 774 era
518 725 846 783 Congregatione
869 724 920 767 de
953 720 1251 778 Propaganda„

279 795 380 837 Pide
394 790 460 832 die
481 801 539 839 ¹7·
558 784 768 830 Februarii
787 785 908 837 ¹648.
931 795 1072 825 coram
1085 778 1250 823 Sanctis-

277 850 376 893 fimo
393 877 407 899 ,
430 848 470 888 δι
482 847 533 889 de
550 843 696 888 ordine
726 841 954 889 Sanffltatis
980 841 1067 882 Suae
1081 840 1130 883 ad
1149 842 1250 882 hanc

277 909 364 953 Sae.
378 907 545 949 Rituum
563 903 936 959 Congregationem
961 898 1125 943 remissis
1139 901 1254 953 super

277 974 410 1010 morte
425 963 478 1006 ob
500 964 640 1006 Fidem
657 961 922 1004 catholicam
948 959 988 1001 in
1016 957 1252 1014 AEthiopiea

276 1021 376 1083 juffu
394 1021 516 1078 Regis
535 1021 738 1064 violenter
752 1018 865 1063 illata
894 1016 1052 1061 duobus
1068 1016 1254 1060 Patribus

278 1082 495 1137 capucinis
511 1108 526 1132 ‚
543 1079 693 1123 scilicet
712 1081 754 1121 P.
772 1076 1052 1135 Agathangelo
1071 1076 1123 1119 de
1138 1078 1251 1118 Ven-

278 1140 415 1185 dosme
427 1165 442 1188 2
454 1141 493 1182 δι
509 1142 550 1182 Ρ.
565 1137 749 1183 Caffiano
763 1137 814 1181 de
828 1141 1000 1186 Nautes,
1014 1134 1143 1177 Gallis
1159 1161 1173 1184 ‚
1187 1147 1250 1176 ea-

281 1199 375 1243 ‘dem
398 1202 519 1242 Sacra
535 1196 811 1255 Congregatio
830 1193 1036 1252 respondit
1062 1205 1151 1236 curn
1164 1193 1249 1235 Do-

284 1259 394 1302 mino
416 1261 683 1302 Promotore.
880 1272 886 1275 ·

340 1376 487 1428 Autog.
501 1376 544 1414 in
556 1373 679 1415 Arcb.
698 1375 840 1416 secret.
864 1373 951 1415 Sae.
969 1375 1154 1427 congreg.
1171 1365 1255 1413 Rit.

401 1435 496 1487 Reg.
512 1430 635 1488 mens:
651 1430 704 1482 ἁ·
718 1434 813 1475 anni
817 1431 949 1483 praed.
951 1427 1067 1486 fh1.6
1071 1439 1111 1477 5.

747 1571 878 1586 —

284 1673 355 1720 Ex
375 1668 675 1719 Documentis
712 1666 739 1714 a
760 1670 794 1719 1²
801 1684 837 1716 r.
857 1670 1178 1717 Bonaventura
1201 1661 1259 1712 ad

344 1739 549 1790 ‘Almam
589 1735 769 1795 Urbem
806 1738 952 1787 allatis
980 1737 1006 1784 ὲ
1036 1732 1260 1805 Josepho,

351 1809 614 1861 Patr-iareha
635 1806 959 1859 Chaldaeorum
976 1840 992 1864 ,
1061 1802 1261 1855 rofeffio-

357 1895 465 1928 nem
487 1877 613 1927 Fidei
631 1878 883 1928 catholica
906 1879 995 1926 emi
1032 1893 1107 1924 am
1125 1910 1139 1932 ,
1154 1889 1262 1944 gau·

359 1947 520 1998 denter
535 1947 560 1996 ὲ
579 1945 622 1996 se
638 1960 902 2016 perceptum
931 1943 1055 1995 fuisse
1074 1944 1263 1994 eidem„

359 2019 630 2070 Patriarchae
669 2014 907 2086 respondet
933 2052 950 2075 ,
983 2016 1182 2083 eumque
1206 2014 1264 2065 ad

361 2086 537 2139 strenue
570 2086 830 2139 assumenda
869 2086 1084 2139 laborum
1126 2101 1265 2136 certa·

362 2161 488 2210 mina
511 2159 746 2210 hortatur.

360 2296 582 2344 Venerabili
595 2297 757 2344 Fratri,
769 2296 952 2354 fyefipbo,
965 2294 1210 2340 patriarcba

641 2355 911 2399 chaucorum

293 2437 879 2552 inuocnurlus
917 2476 1118 2524 PAPA
1158 2475 1268 2525 x1.

332 2622 335 2623 ⁷
358 2601 597 2647 Venerabilix
610 2603 754 2645 Frater
755 2598 932 2658 salutem
949 2624 963 2648 ,
990 2599 1044 2650 ά·
1060 2598 1213 2657 Aposto.

308 2678 312 2682 ’
551 2661 668 2703 licam
682 2657 987 2704 Benediffionm
1003 2687 1016 2701 .

411 2781 450 2822 X
468 2776 618 2820 litteris
637 2776 917 2821 Fraternitntis
936 2778 1060 2831 Tuae,
1086 2780 1124 2821 &
1139 2790 1190 2820 ex
1203 2774 1276 2816 do·

429 2837 623 2879 cumentis
636 2835 728 2892 ipsis
745 2865 760 2887 ,
791 2837 814 2878 ἰ
841 2837 1036 2892 probato,
1065 2836 1274 2890 multaque

297 2895 477 2955 praedito
506 2895 660 2938 virtute
674 2895 780 2937 Viro
794 2896 1092 2949 Bonaventura,
1111 2892 1279 2937 Ordinis

302 2954 636 3012 Capucinorum‚
650 2953 698 2995 ad
713 2955 859 2998 Urbem
876 2952 1007 2997 allatis
1024 2967 1171 3010 magno
1183 2964 1277 2995 eum

304 3013 426 3057 animi
457 3011 578 3055 nostri
614 3013 764 3068 gaudio
793 3014 1052 3067 eognovimus
1066 3042 1081 3064 ,
1114 3009 1277 3055 emififfe

305 3076 370 3117 Te
398 3070 620 3115 Catholicae
647 3072 759 3115 Fidei
789 3068 1068 3126 professionem
1100 3101 1115 3124 ,
1159 3079 1279 3124 atque

308 3132 403 3175 huie
415 3130 564 3172 Saneiae
577 3129 690 3181 Sedi,
709 3131 976 3174 Ecclefiarum
997 3132 1178 3174 omnium
1196 3130 1281 3171 Ma-

307 3189 364 3234 tri
380 3203 427 3232 ae
444 3188 654 3243 Magistrae,
667 3188 936 3232 obedientiam
949 3187 1178 3244 priestitiss'e3
1191 3199 1281 3229 eam

308 3250 419 3293 enim
447 3247 499 3290 de
522 3247 672 3303 pietate
695 3274 710 3296 2
729 3247 899 3302 zeloque
919 3256 989 3292 tuo
1014 3248 1284 3305 opinionem-a

308 3308 486 3366 gerimus
498 3332 512 3356 ‚
527 3316 574 3348 ut
588 3307 748 3349 uberem
764 3332 778 3356 ,
795 3309 884 3348 Deo
901 3307 1004 3349 bene
1017 3307 1192 3360 iuvante,
1202 3305 1283 3346 istis

307 3369 352 3412 in
372 3365 619 3421 Regionibus
642 3363 796 3407 meffem
810 3391 823 3412 ,
856 3364 973 3418 plane
1001 3366 1132 3410 Nobis
1160 3361 1283 3420 polli-

308 3432 499 3468 ceamur.
517 3422 627 3466 Illud
649 3425 745 3467 vero
768 3421 988 3479 persuasum
1017 3423 1205 3470 habebis,
1223 3422 1289 3465 nit

314 3483 374 3526 hil
400 3497 475 3526 nos
499 3481 838 3538 praetermiffuros‚
853 3482 962 3539 quod
987 3482 1037 3524 ad
1065 3478 1283 3524 Pastorales

315 3550 483 3583 conatus
498 3550 587 3582 tuos
601 3539 790 3593 iuvandos
808 3540 1180 3597 promovendosque
1190 3551 1286 3580 eon·

312 3600 463 3643 ducere
478 3597 584 3654 poffe
605 3601 909 3644 existimabimus
924 3630 936 3643 .
953 3603 1040 3655 Age
1055 3601 1189 3654 itaque
1201 3597 1283 3638 Ve-

310 3656 500 3700 nerabilis
527 3659 692 3712 Frater,
720 3659 864 3715 dignos
894 3657 1147 3706 ministerio,
1172 3653 1282 3711 quod

307 3715 532 3771 suscepisti,
556 3713 685 3759 sensus
714 3718 859 3770 indue,
886 3734 960 3762 nec
990 3719 1051 3760 Te
1071 3717 1278 3759 deterreat

309 3784 514 3818 certamen
532 3773 711 3820 laborum
726 3806 741 3830 ,
762 3792 863 3835 quos
879 3778 1011 3822 subire
1033 3772 1187 3823 necesse
1201 3772 1279 3825 esta

434 3836 536 3893 Tqm.
549 3834 629 3878 1111.

1309 321 1467 351 memor
1481 335 1495 359 ,
1510 319 1591 348 non
1606 304 1682 349 effe
1700 303 1967 361 'repromiffam
1991 312 2029 353 in
2044 316 2178 355 Coelis
2190 318 2278 356 co.

1309 381 1447 410 ronam
1462 364 1689 421 gloriae,nifi
1709 365 1892 420 legitime
1905 373 2165 413 certantibus.
2184 372 2282 411 Fra,-

1307 427 1488 469 ternitati
1515 425 1673 466 interim
1702 427 1813 472 Tuae,
1827 423 2116 467 benevolentiae
2142 428 2280 469 nostrae

1306 486 1448 528 testem
1481 482 1755 537 Apostolicam
1798 481 2124 524 Benedietionem
2170 494 2284 537 pera-

1312 554 1473 586 manter
1491 543 1746 599 impertimur
1758 569 1769 580 .
2159 567 2164 575 ,

1427 604 1575 644 Datum
1606 604 1746 644 Rome
1773 598 1878 656 apud
1904 600 2085 643 Sanctam
2115 596 2286 639 Mariam

1311 660 1510 715 Maiorem
1543 659 1612 703 sub
1644 660 1811 702 Annulo
1855 656 2064 701 piscatoris
2097 654 2164 696 die
2193 669 2290 696 xxv.

1310 721 1499 764 Octobris
1530 732 1822 764 Mucuxxut.
1854 712 2120 760 Pontificatfis
2154 713 2289 757 Nostri

1311 782 1594 824 AnnoNono.
2232 792 2234 794 >
2264 777 2279 786 ““

1375 902 1519 953 Autog.
1536 898 1578 939 in
1590 900 1738 940 Secret.
1757 899 1869 939 Brev.
1886 894 1936 938 ad
1955 893 2167 950 Principes
2196 895 2295 948 Reg.'

1431 956 1550 1013 meffi
1562 955 1616 1007 ἀ*
1626 959 1722 999 anni
1729 952 1940 1024 pred-fil.
1959 966 2028 997 20.

1316 1251 1463 1319 Qod
1480 1250 1631 1308 idem,
1662 1248 1711 1299 δι
1732 1249 1915 1317 Ignatio
1953 1252 2114 1306 Petro,
2149 1252 2293 1314 Syro*

1385 1339 1490 1372 rum
1510 1320 1782 1372 Patriarchae
1803 1318 2033 1367 renuntiat
2051 1352 2065 1366 .
2243 1321 2249 1333 ·’

1327 1439 1541 1488 Venerabili
1555 1440 1700 1485 Fratri
1715 1468 1731 1490 ,
1764 1438 1916 1492 lgnaeio
1937 1439 2070 1484 Petro,
2092 1423 2287 1486 Ῥοπὴν-ὴ

1666 1497 1746 1540 cbae
1766 1500 1951 1549 syrorum

1321 1603 1902 1661 INNOCENTIUS
1952 1603 2158 1652 PAPA
2195 1601 2299 1650 xl.

1386 1723 1616 1773 Venerabilis
1635 1721 1960 1779 Fraterfilumn
1972 1749 1985 1772 ‚
2003 1719 2057 1771 ἀ·
2075 1717 2237 1775 Apollo-

1567 1786 1683 1827 licam
1705 1779 2038 1824 Benedimonm.

1398 1901 1577 1948 Ucundae
1591 1909 1713 1957 atque
1726 1898 1836 1943 omni
1860 1912 1911 1941 ex
1939 1905 2054 1953 pane
2069 1904 2189 1951 grate
2204 1892 2309 1938 aeci·-=

1324 1906 1386 2055 J
1417 1962 1562 2005 derunt
1579 1963 1708 2004 Nobis
1731 1960 1904 2005 litterae,
1936 1969 2030 2011 quas
2062 1967 2132 2012 per
2162 1953 2309 2011 proba»-

1417 2031 1501 2063 tum
1517 2046 1532 2069 ,
1560 2019 1767 2074 multaque
1790 2017 2000 2071 praeditum
2028 2016 2208 2064 virtute,
2233 2010 2310 2053 Vi⁴

1327 2094 1434 2131 rum,
1449 2073 1968 2127 Bonaventuram,0rdinis
1983 2074 2313 2130 Capucinorunt‚·'

1327 2142 1645 2182 Procuratorem
1673 2145 1816 2184 tuum,
1843 2132 1918 2174 una
1947 2145 2039 2173 cum
2054 2128 2311 2173 documentis

1326 2197 1442 2240 editae
1456 2195 1476 2236 a
1495 2197 1555 2237 Te
1584 2191 1838 2249 professionis
1853 2189 2081 2233 Catholicae
2099 2188 2208 2232 Fidei
2226 2214 2240 2236 ,
2270 2187 2311 2227 &

1327 2253 1570 2298 obedientiae
1582 2282 1597 2303 ,
1611 2264 1727 2308 qnam
1745 2249 1836 2292 huic
1852 2252 2000 2293 Sanctae
2020 2247 2141 2300 sedi,
2163 2245 2311 2290 Eccle-

1327 2316 1472 2356 siarum
1488 2312 1670 2355 omnium
1701 2309 1821 2351 Matri
1851 2321 1897 2349 ac
1916 2307 2110 2362 Magiflrae
2143 2302 2314 2362 profite⁴

1328 2373 1384 2417 rix
1402 2401 1416 2424 ‚
1430 2372 1480 2415 ad
1502 2370 1652 2415 Urbem
1670 2366 1910 2411 transmisisti
1925 2380 1940 2418 ς
1954 2363 2315 2426 Qemadmodum

1329 2442 1466 2477 autern
1493 2429 1806 2474 fraternitatem
1835 2428 1964 2469 Tuam
1997 2429 2103 2470 intra
2142 2423 2319 2467 finum»

1329 2487 1548 2534 Pontifieiae
1574 2488 1783 2531 charitatis
1801 2485 2055 2542 recepimus,
2087 2486 2143 2526 ita
2176 2495 2314 2538 prom—

1333 2548 1401 2605 pte
1441 2562 1486 2588 ac
1528 2547 1718 2589 alacriter
1750 2559 2008 2599 quacumque
2046 2542 2085 2583 se
2120 2541 2313 2583 dederint
2388 2556 2389 2561 ¹

1333 2604 1578 2657 occasiones,
1592 2604 1814 2660 amplexuri
1846 2600 1975 2644 sumus
2007 2602 2047 2643 in
2080 2601 2164 2643 dies
2195 2597 2315 2652 magis

1335 2663 1572 2708 declarandi
1590 2661 1822 2719 propensam
1849 2661 2019 2703 nostram
2043 2673 2138 2716 erga
2157 2659 2217 2700 Te
2240 2670 2316 2698 vo-

1337 2726 1561 2768 luntatem.
1588 2726 1676 2765 Nec
1706 2712 2317 2774 minusliberaliter,quicquid

1336 2783 1386 2826 ad
1417 2783 1710 2837 procurandam
1737 2781 1955 2822 animarum
1988 2776 2157 2820 stlutem
2185 2805 2201 2826 ,
2231 2786 2318 2828 quae

1340 2843 1535 2901 praecipua
1551 2839 1685 2883 nostra
1702 2866 1713 2888 ‚
1726 2841 1766 2882 &
1783 2849 1974 2893 perpetua
1988 2849 2083 2879 cura
2097 2835 2155 2878 est
2171 2863 2187 2887 ,
2199 2832 2319 2887 adju-

1341 2902 1467 2945 menti
1485 2915 1531 2942 ac
1558 2896 1912 2954 auxiliiproficisci
1937 2897 1958 2937 a
1986 2895 2120 2937 Nobis
2135 2893 2287 2949 poterit
2304 2919 2318 2942 ,

1340 2960 1434 3005 Tibi
1465 2959 1758 3014 prastabimus‚
1789 2956 1840 2997 de
1854 2951 2009 3011 pie'tate
2037 2953 2214 3007 zeloque
2244 2961 2317 2992 tuo

1338 3019 1458 3077 plan'e
1480 3016 1732 3060 confidentes
1747 3013 1863 3066 ‚fore
1877 3043 1890 3067 ‚
1911 3024 1953 3056 ut
1966 3013 2111 3068 dignos
2133 3013 2320 3067 expecta-

1341 3079 1451 3121 tione
1465 3075 1600 3118 nostri
1628 3074 1780 3119 fruetus
1804 3073 1928 3117 facias
1944 3102 1956 3114 .
1993 3071 2217 3127 Reliquum
2236 3068 2290 3110 est
2305 3096 2319 3118 ,

1341 3147 1387 3180 ut
1411 3133 1663 3179 confidenter
1677 3133 1902 3189 susceptum
1926 3130 2161 3187 praclarum
2176 3141 2320 3171 munus

1342 3195 1546 3250 exequaris
1562 3223 1575 3246 ,
1605 3191 1853 3249 adversisque
1873 3190 2086 3240 omnibus,
2110 3201 2194 3243 quae
2228 3185 2321 3225 Tibi

1343 3256 1383 3297 in
1413 3267 1463 3297 eo
1487 3252 1698 3310 implendo
1723 3254 1889 3295 evenire
1907 3248 2088 3306 possent,
2120 3242 2322 3301 pastorale*

1343 3316 1481 3370 pectus
1493 3326 1702 3368 opponas,
1735 3322 1870 3354 tecum
1903 3306 1982 3363 ipse
2006 3304 2174 3348 subinde
2204 3308 2327 3366 renu-¹

1343 3382 1433 3417 tans
1462 3399 1479 3421 ,
1507 3386 1589 3414 non
1615 3370 1692 3412 effe
1723 3372 1945 3423 condignas
1978 3363 2172 3419 paffiones
2205 3363 2321 3415 hujus

1344 3432 1540 3485 temporis
1556 3459 1571 3478 ,
1588 3430 1637 3471 ad
1654 3428 1829 3470 suturam
1854 3424 2041 3483 gloriam,
2056 3436 2142 3477 quae
2171 3418 2324 3461 revela-

1344 3491 1454 3532 bitur
1469 3487 1506 3529 in
1520 3488 1666 3530 Nobis.
1683 3483 1940 3529 fraternitati
1957 3482 2118 3522 interim
2136 3481 2232 3521 Tuae
2247 3478 2322 3520 Di-

1345 3549 1478 3590 vinam
1499 3558 1619 3600 opem
1636 3546 1864 3598 praesentem
1880 3542 2000 3595 usque
2016 3550 2226 3593 precamur
2241 3564 2255 3587 ‚
2275 3550 2322 3578 ac

1344 3604 1619 3659 Apostolicam
1633 3603 1960 3646 Benedietionem
1975 3606 2231 3652 peramanter
2248 3595 2322 3638 im-

1347 3664 1543 3720 pertimur
1560 3689 1572 3702 .

1454 3721 1597 3770 Datum
1614 3721 1748 3763 Romae
1773 3717 1879 3773 apud
1907 3719 2090 3759 Sanctam
2117 3712 2325 3757 Mariam)

1339 3778 1543 3838 Majorem
1574 3779 1642 3822 sub
1674 3778 1836 3822 Annulo
1875 3776 2093 3820 Piscatoris
2123 3776 2192 3816 die
2224 3785 2322 3819 xxv.

1786 3836 1881 3895 (ΣΗ
2141 3834 2266 3876 0610-
