2508 4218
981 141 1463 261 ostpofl'olica
1487 204 1508 231 .

239 302 375 348 statuit
389 294 737 358 imprnsentiarum‘
749 304 766 347 ς
776 294 816 336 δι
829 292 1011 337 decernit
1023 317 1038 341 ‚
1057 299 1222 359 utuquo-

239 364 316 405 ties
327 363 381 405 ad
407 362 581 417 aliquam
596 353 818 399 ecelesiam
830 380 846 402 a
869 362 940 396 aut
953 354 1189 396 Oratorium
1205 379 1220 404 ‚

213 413 215 417 ἲ
238 421 427 466 locumve
439 419 562 462 alium
578 415 781 471 publicum
796 411 1023 455 saecularem
1038 438 1055 463 ‚
1073 407 1138 454 seu
1154 424 1219 454 re-

239 481 422 538 gularem
437 476 653 524 Tabellas,
676 475 716 517 δι
733 471 932 526 Imagines
946 499 962 522 ,
993 468 1155 513 aliudve
1173 468 1216 512 fi-

237 541 333 587 niile
345 539 540 595 quispiam
554 531 746 578 detulerit
757 559 774 585 ‚
793 544 838 572 ac
855 529 1131 573 intereessione
1147 530 1221 571 ho·

238 599 390 644 minum
406 600 512 642 inter
522 595 702 645 Sanetos,
714 592 779 634 vel
799 593 947 633 Beatos
962 602 1043 632 non
1066 586 1220 630 adscri-

237 667 401 715 ptorum
415 685 430 708 ‚
461 653 640 714 quamvis
654 664 744 694 cum
761 647 977 704 martyrii,
1004 648 1068 690 vel
1082 646 1222 690 saneti·

238 718 334 760 tatis
370 715 474 760 fama
495 714 804 756 demortuorum
818 737 833 760 ,
855 717 995 763 optata
1028 704 1066 748 se
1094 706 1220 761 impe-

235 775 393 820 travisse
412 771 594 823 dixerit,
624 770 746 813 liceat
763 765 1055 810 Ecclefiasticis
1081 762 1224 807 Perso-

235 834 326 886 nis,
359 833 626 877 Eccleiiarum
643 857 658 878 ,
683 828 921 870 locorumve
942 825 1225 882 predictorum

233 907 342 938 curae
356 889 576 949 Proepofitis
587 917 604 940 ,
620 886 814 930 Tabellas
830 915 844 937 ‚
862 886 904 928 δι
921 884 1120 940 lmagines
1135 912 1151 936 ,
1175 882 1222 925 fi·

236 960 289 996 ve·
301 952 420 1007 pietas
436 978 449 1002 ,
477 949 558 997 five
577 960 628 989 ex
650 946 792 1002 quavis
810 947 975 988 materia
993 942 1102 986 fictas
1115 971 1131 994 ‚
1158 951 1222 984 at·

237 1023 316 1068 que
329 1008 406 1053 alia
422 1018 667 1066 quecunque
679 1003 841 1047 collatae
865 1004 1003 1060 gratiae
1017 1000 1139 1044 fidem
1157 998 1221 1043 sa·

232 1068 380 1113 cientia
407 1066 520 1111 fimul
544 1078 637 1110 cum
653 1061 873 1114 deferentis
887 1091 902 1114 ,
933 1061 1188 1116 aliorumque
1205 1086 1221 1110 ,

235 1131 304 1185 qui
321 1126 471 1171 conscii
487 1125 642 1170 suerint
656 1149 670 1172 ‚
682 1121 1005 1167 attestationibus
1020 1119 1219 1175 recipere,

233 1180 965 1290 :3330'312‘32‘222213:233?
986 1176 1219 1282 3:232&

235 1304 376 1362 aliquo
388 1333 402 1356 ‚
417 1301 590 1346 seorsum
602 1302 653 1343 ab
671 1298 846 1343 Ecclesia
861 1327 876 1352 ,
891 1266 984 1341 loci>
998 1296 1219 1345 custodire,

234 1364 469 1418 ibidemque
482 1360 562 1418 jam
574 1367 711 1403 amota
725 1356 934 1401 collocare
952 1385 968 1408 ,
994 1358 1035 1399 δι
1049 1351 1222 1400 afferva-

154 1430 157 1431 ’
233 1435 306 1473 re,
333 1430 378 1465 ut
391 1451 408 1476 ,
421 1420 448 1464 fi
464 1418 628 1478 quando
643 1418 835 1461 Dominus
867 1416 1010 1460 talium
1025 1415 1221 1459 Virorum

235 1481 380 1528 merita
411 1478 753 1530 Beatificationis,
786 1478 853 1521 seu
882 1475 1220 1519 canonizationis

231 1542 392 1585 honore
413 1537 589 1583 interris
619 1535 813 1581 decorare
840 1534 1047 1587 voluerit,
1078 1542 1220 1579 extent

230 1597 459 1658 hujusmodi
489 1596 708 1642 sanctitatis
733 1593 1048 1652 qualescumque
1065 1595 1217 1651 proba-

231 1659 365 1703 tiones
382 1685 402 1712 ,·
427 1655 671 1716 Apostolicae
696 1654 813 1700 Sedis
838 1653 994 1711 judicio
1010 1664 1106 1698 tunc
1122 1667 1218 1697 exa·

234 1717 428 1762 minanda!
443 1714 691 1772 ,contrariis
715 1711 1021 1771 quibuscunque
1045 1726 1127 1757 non
1143 1712 1220 1756 ob-

236 1777 433 1821 stantibus
447 1807 462 1820 .

345 1838 417 1893 9ο.
437 1836 630 1879 Antonm
650 1832 869 1888 Tbomafiur
886 1834 1040 1880 akoen.
1053 1832 1101 1883 ὸ·
1115 1833 1215 1877 (1σὶ-

407 1894 550 1951 versat.
563 1892 827 1951 Inquist'muls
843 1894 941 1936 Not.

239 2010 356 2054 Auno
369 2007 565 2062 millefimo
575 2005 841 2064 sexcentisimo
856 2006 1037 2063 vigefimo
1065 2008 1221 2062 quinto,

297 2067 516 2113 Indibilione
546 2068 683 2112 offava
711 2095 727 2119 ,
753 2065 1008 2122 Pontificum
1035 2064 1080 2106 S.
1097 2067 1150 2106 D·
1167 2066 1222 2106 N.

290 2130 353 2172 D.
385 2126 538 2170 Urbani
551 2125 946 2180 dtvinaprovedmia
979 2125 1096 2173 Papa·
1116 2122 1186 2162 Vn
1194 2124 1222 2162 1.

287 2186 354 2229 dte
376 2187 468 2228 verb
490 2181 705 2240 3o.msts
734 2179 912 2221 <mebris
928 2204 943 2228 ‚
962 2175 1221 2234 fipndifle

239 2266 244 2275 ·
286 2246 439 2286 luere
453 2267 468 2291 ‚
476 2239 561 2292 stu
575 2239 791 2281 Decretum
814 2234 976 2293 affixum
1005 2234 1062 2286 ὸ·
1078 2235 1215 2290 publi-

283 2295 528 2354 astansem
553 2299 609 2339 ad
641 2295 775 2341 Valvas
802 2297 995 2350 Ibi-cipis
1020 2293 1220 2351 Apellok-

284 2371 378 2403 rum
407 2356 553 2407 Urbis,
582 2367 630 2397 ac
644 2356 687 2397 in
703 2356 798 2398 Acie
825 2353 967 2410 Campi
985 2354 1139 2405 Florae,
1168 2362 1217 2396 ue

284 2415 405 2460 noris
418 2415 473 2473 est
485 2440 501 2465 ‚
511 2422 588 2470 per
600 2426 661 2455 ave
675 2412 998 2456 Brendimmen
1021 2415 1214 2455 Latinum

288 2470 692 2531 Praellbati‚san8isi·
705 2474 759 2515 D.
776 2474 831 2516 Ν.
849 2474 921 2516 ΡΡ.
939 2470 1149 2531 Castre-
1169 2499 1183 2514 .

621 2604 819 2625 ——
1017 2604 1217 2621 ——-

225 2717 425 2768 Decreta
441 2717 563 2767 circa
600 2709 831 2766 Proeeffus
863 2727 949 2781 pro
976 2706 1215 2759 Beatifica-

297 2788 424 2839 tione
438 2821 456 2846 ,
471 2784 521 2838 ἃ
535 2784 898 2838 Canonizatione
913 2785 1033 2832 Ven.
1051 2783 1216 2831 Servo·

234 2847 242 2851 ⁸
297 2873 405 2909 rum
423 2858 515 2908 Dei
529 2854 837 2907 conficiendos
851 2847 1088 2925 praepofita
1111 2867 1217 2900 con-

303 2924 460 2987 firmat
474 2924 524 2979 ἃ
536 2926 735 3003 declarat
746 2958 761 2973 .

229 3008 950 3113 uanAnu‘s*'1›APA
1015 3051 1216 3103 v111.

391 3182 698 3240 'Adperpvrnm
711 3182 772 3226 res·
784 3183 1012 3227 nemoriani
1027 3208 1042 3222 .

296 3321 298 3323 ’
351 3300 509 3348 AElestis
534 3301 789 3346 Hierusalem
814 3299 972 3350 Cives3
1001 3299 1220 3353 quorum-j·

369 3361 553 3420 gloriofis
580 3359 775 3404 natalitiis
801 3358 931 3400 saneta
957 3355 1119 3399 loetatur
1133 3369 1219 3399 ma-

232 3420 486 3468 t'erficclefia
498 3448 514 3471 ‚
546 3419 645 3463 ficut
660 3417 778 3473 buius
809 3417 961 3459 Sancta
974 3413 1089 3459 Sedis
1102 3414 1219 3469 Apo·

236 3478 384 3526 (tolient
396 3479 613 3525 ministerio
626 3479 649 3522 a
660 3477 735 3534 piis
748 3474 958 3530 utriusque
971 3470 1084 3517 sextis
1093 3473 1217 3517 Chri·

237 3537 471 3585 stiiidelibus
487 3546 732 3584 venerantur
745 3537 786 3580 in
803 3535 951 3586 terris,
978 3532 1035 3576 ita
1061 3534 1216 3575 Roma·

233 3609 336 3641 num
360 3597 480 3640 decet
503 3595 772 3645 Pontificem,
788 3592 998 3638 militantis
1029 3589 1214 3633 Ecclefiae

233 3650 1212 3758 {⁶⁸³‘¹¹³”ssidss'ss'ig’ssssfiidssssssif‘ssffssssi'ffi‘ss

231 3728 397 3875 ⁸1?ssng
419 3726 469 3814 ng:
466 3771 581 3875 1giliid
595 3772 636 3815 in
653 3771 917 3817 Personarum
941 3782 1034 3812 cum
1061 3765 1211 3812 Sancti-

383 3843 455 3872 om·
540 3858 553 3873 ο

1282 294 1376 337 tatis
1391 319 1406 341 ,
1435 297 1503 334 aut
1513 289 1702 346 Martyrii
1717 291 1819 337 sama
1836 323 1850 346 ,
1877 299 1942 341 vel
1972 304 2164 358 opinione
2190 315 2263 358 de—

1280 353 1507 398 funeratum
1532 352 1768 394 memoriam
1783 381 1797 404 ,
1827 356 1907 396 five
1924 359 2110 414 cultum3
2125 368 2269 412 incon-

1278 409 1384 455 sulta
1397 409 1649 453 SannaSede
1664 412 1850 465 praeditfia
1863 413 2092 459 innovetur.
2102 422 2212 465 Alias
2227 430 2271 468 fi.

1277 472 1442 527 quidem
1458 472 1544 512 Nos
1555 469 1711 512 solicite
1724 470 2096 518 animadvertentes
2112 481 2269 533 abusus,

1280 530 1350 584 qui
1369 530 1635 583 irrepserant,
1656 530 1696 570 δι
1712 530 1901 586 irrepere
1910 546 1989 576 non
2007 534 2210 579 cessabant
2227 542 2268 582 in

1280 587 1464 631 colendis
1477 587 1714 643 quibusdam
1725 603 1816 632 cum
1830 593 2150 642 San-§titatisfflut
2165 598 2276 638 Mars

1282 649 1381 702 tyrii
1398 642 1501 689 fama
1518 672 1532 696 ‚
1550 646 1613 690 vel
1631 647 1827 703 opinione
1843 649 2042 694 defunctis
2057 654 2152 708 ,qui
2170 680 2184 702 ‚
2203 655 2273 697 etfi

1281 719 1409 762 neque
1422 707 1765 750 Canonizationis
1785 737 1799 760 ‚
1831 723 1961 766 neque
1993 711 2270 755 Beatificatio-

1283 766 1345 808 nis
1376 767 1531 809 honore
1562 765 1736 821 infigniti
1763 766 1884 812 effent
1908 771 1960 812 ab
1972 772 2118 814 eadem
2134 771 2240 815 Sede
2252 800 2269 825 ,

1281 838 1424 868 eorum
1439 836 1573 868 tamen
1587 825 1780 882 imagines
1795 829 1834 870 in
1848 830 2054 874 Oratoriis
2068 859 2083 883 ,
2099 840 2266 886 atque-e

1282 885 1322 927 in
1345 884 1534 928 Ecclefiis
1549 913 1566 936 ‚
1595 884 1760 942 aliisque
1786 886 1884 930 loeis
1903 890 2080 945 publicis
2096 918 2110 941 ,
2142 899 2270 946 atque
2340 910 2344 912 ·

1282 944 1405 988 etiam
1425 945 1592 1000 privatis
1603 958 1699 988 cum
1714 945 1904 991 laureolis
1920 979 1935 1002 ,
1949 960 2019 994 aut
2034 950 2160 992 radiis
2174 975 2190 998 ‚
2207 946 2275 991 seta

1283 1002 1568 1058 splendoribus
1600 1010 1932 1061 proponebantur
1945 1037 1960 1059 ,
1993 1008 2188 1052 miracula
2201 1036 2217 1061 ,
2232 1009 2275 1051 δι

1280 1065 1552 1107 revelationes
1566 1089 1582 1113 ‚
1612 1064 1773 1121 aliaque
1801 1067 1996 1112 beneficia
2029 1072 2053 1114 a
2082 1072 2176 1111 Deo
2199 1079 2274 1124 per

1280 1135 1420 1167 eorum
1434 1121 1738 1167 interceiliones
1756 1137 1925 1182 accepta
1943 1129 1983 1170 in
2001 1128 2115 1170 libris
2132 1137 2271 1169 rerum

1279 1183 1331 1224 ab
1362 1180 1452 1236 ipfis
1482 1182 1681 1236 gestarum
1696 1187 1989 1228 enarrabantur
2006 1215 2024 1237 ,
2053 1185 2158 1227 &ad
2176 1184 2277 1227 illo·

1281 1253 1373 1284 rum
1389 1241 1595 1294 sepulchra
1609 1242 1765 1284 tabella:
1779 1243 1997 1298 ‚imagines
2013 1272 2028 1296 ‚
2043 1245 2085 1285 δι
2101 1257 2166 1287 res
2185 1243 2272 1285 alin

1283 1299 1334 1342 ad
1351 1296 1545 1342 beneficia
1562 1310 1731 1357 accepta
1748 1300 1995 1346 testificanda
2010 1331 2027 1355 ,
2058 1304 2099 1345 δι
2116 1304 2276 1358 lampa·

1281 1358 1354 1401 des
1365 1386 1379 1410 ‚
1394 1359 1433 1400 8(
1446 1358 1526 1401 alia
1538 1357 1696 1402 lumina
1709 1362 2019 1416 apponebantur
2032 1388 2048 1411 ‚
2066 1360 2277 1406 volentes-

1281 1432 1360 1476 que
1375 1416 1550 1474 proinde
1575 1417 1804 1474 hujusmodi
1826 1421 2008 1464 abusibus
2025 1434 2106 1477 pro
2132 1421 2276 1464 debito

1280 1477 1404 1522 officii
1432 1476 1638 1533 pastoralis
1665 1493 1907 1529 occurrere,
1934 1494 1979 1524 re
2000 1480 2127 1524 ctiam
2143 1493 2276 1523 cunta

1282 1536 1598 1583 Venerabilibus
1615 1538 1823 1582 Fratribus
1837 1540 1983 1582 nostris
2002 1541 2277 1583 S.R.E.Car-

1277 1596 1482 1641 dinalibus
1498 1605 1643 1639 eontra
1669 1598 1899 1641 baereticam
1935 1598 2183 1656 pravitatem
2200 1597 2274 1641 in.»

1282 1656 1469 1700 universa
1498 1655 1727 1709 Republica
1756 1657 1984 1700 Christiana
2009 1655 2271 1712 generalibus

1282 1714 1593 1773 lnquiiitoribus
1606 1716 1655 1758 ab
1667 1715 1811 1758 eadem
1828 1718 1933 1760 Sede
1956 1716 2188 1773 specialiter
2200 1715 2274 1758 de·

1280 1786 1435 1832 putatis
1448 1774 1751 1819 communicati
1765 1804 1779 1828 ,
1800 1777 1841 1818 δι
1856 1776 2017 1820 mature
2046 1776 2272 1819 confidera·

1280 1833 1323 1878 ιδ
1337 1861 1349 1882 ,
1363 1848 1411 1876 ac
1424 1831 1592 1877 discussa
1609 1863 1624 1887 ,
1635 1836 1687 1878 de
1699 1835 1938 1880 eorumdem
1953 1835 2271 1880 cardinalium..

1281 1892 1452 1939 confilio
1479 1891 1548 1937 sub
1563 1895 1630 1938 die
1643 1894 1725 1948 xiij.
1741 1895 1881 1939 Martii
1903 1897 2025 1946 ¹625·
2039 1894 2272 1938 declaravi·

1283 1965 1370 1993 mus
1382 1975 1399 1997 ‚
1414 1951 1624 1993 statuimus
1637 1981 1654 2002 ,
1667 1955 1708 1994 δι
1721 1954 1991 2003 decrevimus,
2009 1969 2059 1998 ne
2073 1967 2272 2010 quorum-

1284 2008 1346 2049 vis
1369 2007 1580 2051 hominum
1595 2023 1689 2052 cum
1703 2012 1963 2062 sanctitatis,
1982 2016 2047 2055 seu
2071 2012 2267 2066 Martyrii

1286 2064 1391 2107 fama
1404 2065 1752 2124 (quantacumque
1766 2070 1836 2111 illa
1850 2069 1970 2126 effet)
1982 2070 2268 2114 defunctorum

1284 2125 1485 2177 Imagines
1502 2151 1516 2172 ‚
1531 2125 1688 2180 aliaque
1701 2126 1861 2180 prefata
1873 2153 1888 2175 ‚
1916 2129 1955 2168 St
1983 2129 2274 2184 quodcumque

1280 2181 1393 2223 aliud
1410 2181 1714 2225 venerationem
1724 2212 1739 2236 ,
1752 2185 1792 2227 dt
1806 2186 1963 2227 cultum
1989 2185 2271 2242 praeseserens,

1279 2240 1320 2282 δι
1335 2239 1517 2284 indicans
1530 2239 1572 2283 in
1585 2243 1790 2285 Oratoriis
1804 2272 1820 2296 ,
1845 2253 1915 2287 aut
1940 2244 2041 2289 locis
2067 2247 2240 2303 publicis
2255 2273 2273 2298 s

1278 2297 1347 2342 seu
1362 2298 1534 2354 privatis
1546 2328 1563 2352 ‚
1578 2300 1641 2344 vel
1659 2302 1834 2346 Ecclelis
1847 2331 1862 2355 ,
1889 2313 1970 2345 tam
1989 2301 2238 2351 sacularibus
2252 2330 2268 2355 ‚

1277 2360 1399 2414 quam
1413 2359 1478 2401 Re
1505 2358 1688 2402 ularibus
1702 2361 1994 2418 cujuscumque
2024 2363 2271 2421 Religionis,

1276 2417 1444 2487 Qrdinis
1457 2372 1664 2470 ‚ffnssituti
1679 2447 1697 2470 ,
1711 2420 2057 2477 Congregationis
2073 2451 2089 2474 ‚
2107 2434 2172 2466 aut
2190 2427 2266 2468 So·

1276 2485 1437 2520 cretatis
1450 2489 1781 2535 apponerentur,
1790 2490 2006 2538 antequam
2021 2484 2074 2524 ab
2088 2482 2267 2538 Aposto-

1276 2535 1356 2581 lica
1379 2536 1487 2581 Sede
1510 2538 1883 2591 canonizarentur‚
1911 2551 1979 2585 aut
1993 2542 2111 2584 Beati
2126 2541 2269 2586 decla-

1277 2604 1471 2640 rarentur
1482 2623 1497 2648 ‚
1524 2594 1597 2652 δι(
1608 2596 1632 2639 fi
1647 2611 1736 2653 quc
1749 2598 1938 2655 appolitae
1960 2599 2119 2658 essent)
2149 2614 2264 2643 amo·

1277 2662 1499 2705 verenter,
1513 2664 1638 2709 prout
1649 2668 1715 2697 eas
1730 2656 1862 2698 statim
1875 2659 2060 2701 amoveri
2092 2659 2265 2701 manda·

1277 2712 1434 2755 vimus.
1464 2713 1530 2754 Ac
1544 2712 1702 2766 pariter
1731 2713 1910 2766 imprimi
1922 2714 1974 2757 de
1989 2727 2143 2759 cetea-o
2157 2717 2266 2758 inhi-

1277 2770 1435 2813 buimus
1456 2769 1582 2811 libros
1596 2769 1837 2812 eorumdem
1853 2771 2151 2828 hominum‚qui
2164 2777 2266 2817 San·

1275 2828 1424 2872 &itatis
1439 2856 1454 2879 ‚
1469 2827 1548 2871 five
1556 2827 1752 2883 Martyrii
1768 2825 1898 2880 fama,
1914 2829 1978 2874 vel
1995 2832 2203 2887 opinione,
2217 2839 2263 2877 ut

1277 2886 1514 2945 prafertur,
1529 2887 1711 2931 celebres
1724 2887 1750 2931 ὲ
1766 2887 1846 2931 vita
1879 2889 2150 2944 migraviffent
2161 2920 2175 2942 ‚
2190 2905 2260 2946 ge·

1279 2947 1333 2991 sta
1351 2975 1365 2998 ,
1397 2946 1593 2990 miracula
1608 2974 1623 2998 ,
1655 2946 1718 2990 vel
1734 2947 2008 2992 revelationes
2022 2978 2038 3001 ‚
2069 2948 2135 2991 stu
2153 2964 2261 3006 quae-

1277 3019 1451 3060 cumque
1464 3003 1655 3048 beneficia
1686 3016 1878 3062 tanquam
1899 3021 2041 3052 eorum
2067 3008 2260 3052 interces-

1277 3064 1449 3108 fionibus
1462 3063 1483 3105 a
1500 3066 1590 3106 Deo
1615 3074 1783 3121 accepta
1814 3069 2071 3110 continentes
2088 3094 2103 3116 ,
2128 3070 2261 3112 line-³

1276 3122 1554 3176 recognitione
1564 3149 1579 3174 ,
1595 3131 1719 3179 atque
1733 3126 2022 3179 approbatione
2035 3126 2262 3176 Ordinarii,

1277 3182 1344 3238 qui
1360 3181 1400 3223 in
1416 3182 1464 3224 iis
1479 3181 1815 3239 recognoscendis
1845 3184 2110 3240 Theologos,
2136 3181 2254 3227 alios-

1277 3254 1357 3297 que
1379 3241 1485 3296 pios,
1504 3255 1550 3283 ac
1566 3241 1709 3285 dofitos
1726 3243 1850 3285 Viros
1863 3243 1904 3285 in
1919 3243 2130 3286 confilium
2145 3242 2259 3285 adhi-

1278 3302 1393 3344 beret
1405 3328 1420 3350 ,
1446 3302 1487 3343 δι
1498 3328 1516 3351 ,
1532 3313 1585 3347 ne
1598 3300 1747 3343 deinde
1772 3300 1878 3343 fraus
1889 3327 1905 3350 ‚
1931 3310 2004 3344 aut
2027 3316 2144 3345 error
2160 3330 2174 3353 ‚
2187 3308 2260 3344 aut

1278 3358 1431 3416 aliquid
1449 3360 1572 3409 novi,
1596 3359 1870 3402 &inordinati
1899 3359 1939 3400 in
1964 3373 2008 3402 re
2032 3369 2115 3402 tam
2143 3359 2258 3415 gravi

1278 3418 1608 3462 committeretur
1618 3448 1631 3469 ‚
1649 3418 1863 3471 negocium
1881 3417 2112 3461 instrussum
2126 3419 2176 3460 ad
2190 3421 2260 3462 Se-

1275 3476 1372 3519 dem
1389 3477 1664 3530 Apostolicam
1691 3474 1988 3519 transmitteret
2002 3503 2018 3525 ,
2039 3475 2257 3533 ejusqug,

1276 3532 1508 3590 responsum
1533 3536 1763 3587 expectaret
1775 3562 1790 3585 ‚
1822 3534 2096 3579 revelationes
2129 3537 2226 3580 vero
2237 3561 2253 3586 ,

1271 3595 1314 3635 δι
1337 3592 1533 3634 miracula
1551 3621 1566 3644 ,
1597 3592 1756 3647 aliaque
1781 3591 1968 3637 beneficia
1998 3594 2220 3650 supradicta
2238 3621 2255 3646 2

1270 3665 1357 3707 quae
1369 3651 1409 3692 in
1426 3649 1538 3692 libris
1568 3650 1715 3694 horum
1744 3651 1955 3694 hominum
1972 3652 2113 3703 vitam,
2124 3653 2253 3709 gesta·

1270 3723 1352 3765 que
1364 3709 1844 3758 continentibus2eatenus
1861 3710 1941 3754 line
1954 3712 2253 3769 recognitione,

1271 3776 1394 3824 atque
1433 3766 1730 3822 approbatione
1766 3768 1995 3824 hujusmodi
2033 3770 2250 3826 impreffa..

1803 3829 1827 3870 1
2059 3840 2195 3884 erant,
