2508 4218
339 371 503 413 mepta
521 354 769 400 testificanda
780 385 795 409 ‚
810 358 851 400 δι
864 355 1072 413 lampades
1086 385 1103 409 ,
1116 361 1156 402 δι
1172 360 1250 402 alia
1263 360 1324 402 lu·

338 432 451 467 mina
473 425 752 473 apponuntur.
787 418 1018 474 Volentquc
1049 420 1222 473 proinde
1252 421 1325 463 hu-

333 476 508 539 jusmodi
520 477 701 519 abuiibus
717 489 793 531 pro
803 476 948 519 debito
974 475 1103 520 officii
1115 479 1320 534 pastoralis

333 550 583 588 occurrere,
598 548 643 578 rc
665 538 789 578 etiam
813 550 907 578 cum
934 535 1067 590 tunsis
1082 564 1097 587 ‚
1127 539 1168 580 dt
1183 539 1321 581 Reve-

335 595 571 643 rendiffimis
587 595 769 638 Dominis
784 594 1071 639 cardinalibus
1084 608 1228 639 contra
1245 598 1319 640 hae-

332 658 496 702 sericam
523 657 764 710 pravitatem
788 653 827 695 in
843 654 1027 697 universa
1054 656 1315 711 Republica,

332 718 563 762 Christiana
578 713 848 757 Generalibus
862 713 1187 769 lnquifitoribus,
1201 728 1316 757 com-

333 774 541 819 municati
552 803 567 826 ‚
580 775 621 816 δι
638 771 794 815 mature
809 772 1060 815 confidet-ata
1070 799 1087 822 ,
1102 788 1150 816 ac
1169 772 1320 817 discus·
1347 820 1350 822 ,

337 834 375 878 sa
390 834 636 886 ,declaravit
650 858 667 880 ‚
679 830 812 873 statuit
824 857 839 880 ,
857 832 899 873 δι
913 831 1099 875 decrevit
1115 861 1133 886 ,
1148 845 1200 874 ne
1222 845 1319 888 quo.

331 893 483 937 tumvis
498 892 706 934 bominum
720 917 736 941 ,
746 902 840 933 cum
854 890 1103 941 Sanc-titani,
1118 893 1184 934 seu
1205 893 1317 934 Mar·

331 952 430 1009 tyrii
458 948 561 991 fama
588 951 609 1005 (
624 958 948 1004 quantacumque
975 947 1050 994 illa
1064 947 1107 990 fit
1125 950 1148 1006 )
1175 948 1319 992 desun-

332 1014 489 1053 storum
503 1009 703 1064 imagines
713 1033 730 1056 ,
746 1007 906 1062 aliaque
919 1005 1123 1063 praedicia,
1135 1006 1318 1063 &quod-

331 1080 506 1123 cumque
542 1065 652 1108 aliud
675 1091 692 1115 ,
719 1065 1024 1108 venerationem
1058 1066 1100 1108 δι
1122 1066 1315 1114 cultum..

332 1124 590 1183 praseserens
605 1151 622 1176 ,
633 1125 673 1166 δι
687 1122 895 1176 indicans,
916 1124 958 1167 in
970 1124 1178 1167 Oratoriis
1196 1152 1213 1177 ,
1241 1133 1313 1168 aut

332 1185 437 1229 locis
453 1183 641 1241 publicis,
652 1181 719 1226 scu
734 1183 902 1238 privatis
912 1211 930 1234 ,
943 1181 1007 1226 vel
1023 1183 1212 1227 Ecclesiis
1229 1194 1311 1227 tam

329 1242 582 1288 sacularibus
593 1268 611 1290 s
622 1241 744 1299 quim
756 1241 1030 1299 Regularibus
1039 1269 1058 1295 ,
1088 1241 1312 1300 cujuscum-

329 1317 408 1359 que
425 1300 650 1356 Religionis
662 1329 677 1352 ,
693 1300 864 1344 Ordinis
875 1327 891 1351 ,
906 1300 1084 1344 instituti
1099 1328 1115 1352 ,
1126 1305 1312 1359 Congre-

332 1361 505 1418 gationis
520 1388 535 1411 ,
549 1368 619 1401 ant
638 1359 857 1404 societatis
881 1370 1165 1416 apponantur,
1194 1371 1312 1405 antc-

332 1434 455 1475 quam
470 1418 523 1461 ab
537 1416 771 1474 Apollolica
785 1419 888 1461 Sede
902 1420 1195 1463 canonizentur
1211 1447 1225 1472 ,
1240 1429 1311 1464 aut

332 1480 442 1523 Beati
459 1477 720 1523 declarentur
733 1501 748 1525 ,
761 1477 799 1518 δι
814 1479 834 1534 (
849 1479 875 1520 fi
890 1490 977 1535 quat
990 1477 1173 1533 apposite
1189 1478 1312 1536 fiant)

330 1547 622 1587 amoveantur,
635 1545 760 1593 prout
776 1550 842 1581 eas
857 1537 988 1582 statim
996 1539 1180 1582 amoveri
1195 1551 1309 1583 man·

331 1596 445 1640 davit
459 1625 473 1638 .

443 1658 504 1700 Ac
520 1654 676 1711 pariter
699 1655 871 1713 imprimi
896 1656 949 1701 de
960 1661 1111 1700 caetero
1132 1656 1308 1700 inhibuit

329 1716 458 1761 libros
470 1740 486 1764 ‚
513 1712 747 1758 eorumdem
771 1716 979 1760 bominum
992 1744 1007 1767 ‚
1032 1716 1102 1771 qui
1116 1717 1312 1760 Sanctita-

329 1777 409 1828 tis,
431 1774 511 1818 live
542 1774 733 1829 Martyrii
763 1774 867 1818 fama
882 1801 897 1824 ,
921 1775 986 1818 vel
1000 1775 1202 1831 >opinione
1231 1777 1251 1830 (
1265 1784 1312 1819 ut

325 1835 532 1891 prefertur
550 1832 762 1888 >celebres
777 1834 803 1876 δ
825 1834 909 1878 vita
923 1834 1192 1887 migraverint
1211 1860 1225 1882 ‚
1238 1849 1309 1890 ge·

326 1892 379 1937 ssa
390 1922 405 1945 ,
416 1890 611 1935 miracula
625 1918 640 1942 ,
656 1892 928 1936 retelationes
938 1922 956 1945 ,
972 1890 1037 1934 seu
1050 1905 1310 1949 quecumque

326 1951 523 1996 beneficia
545 1960 734 2006 tauquam
759 1965 904 1995 eorum
923 1950 1268 2000 intercessionibus
1282 1956 1306 1995 a

326 2015 420 2054 Deo
430 2018 596 2062 accepta
610 2007 868 2050 continentes
879 2033 895 2057 ,
911 2008 991 2050 fine
1005 2010 1307 2062 recognitione,

324 2079 447 2125 atque
459 2066 752 2122 approbatione
762 2065 968 2109 Ordinarii
984 2095 998 2118 ‚
1023 2069 1092 2122 qui
1119 2067 1160 2107 in
1179 2067 1227 2108 iis
1243 2078 1303 2108 re·

325 2122 1162 2228 :ffiffzszivssta‘{23333322'32'5225
1186 2125 1305 2224 ⁹3:³22

1163 2208 1179 2230 5

323 2242 470 2287 deinde
486 2239 591 2282 sraus
604 2268 619 2292 ‚
636 2250 702 2281 aut
719 2252 863 2288 error,
881 2252 948 2283 aut
963 2240 1119 2297 aliquid
1134 2253 1305 2291 novum,

326 2317 373 2346 ac
385 2298 660 2344 inordinatum
670 2299 712 2340 in
729 2310 772 2340 rc
787 2308 869 2340 tam
881 2302 993 2355 gravi
1008 2300 1304 2350 committatur,

324 2360 532 2418 negotium
547 2357 775 2401 instructum
791 2359 841 2401 ad
854 2358 998 2402 Sedem
1027 2358 1303 2414 Apollolicam

324 2417 572 2466 transmittat
596 2443 611 2470 ,
646 2413 810 2472 eiusque
840 2414 1067 2475 responsum
1095 2420 1276 2471 expediet
1288 2443 1299 2456 .

324 2477 610 2526 Revelationea
626 2476 724 2520 vero
736 2476 801 2529 ,δι
815 2476 1007 2520 miracula
1023 2505 1039 2531 ‚
1064 2476 1219 2533 aliaque
1232 2479 1302 2519 be-

322 2537 469 2584 neficia
483 2534 704 2593 supradicta
721 2564 736 2588 ‚
758 2549 847 2591 quae
863 2538 901 2580 in
930 2537 1043 2579 libris
1062 2538 1206 2580 borum
1230 2538 1302 2579 bo-

321 2598 480 2643 minum
497 2595 622 2638 vitam
636 2625 652 2646 ‚
679 2596 722 2639 dr
741 2595 845 2652 gesta
871 2595 1203 2647 continentibus,
1236 2596 1299 2636 ba-

321 2658 458 2700 &enua
472 2654 551 2696 tine
565 2665 864 2709 recognitione,
894 2665 1016 2710 atque
1042 2653 1299 2710 approbatio·

321 2727 373 2759 ne
390 2710 615 2766 hujusmodi
633 2709 816 2767 imprelsa
830 2709 918 2755 sunt
929 2739 946 2761 ,
961 2711 1075 2755 nullo
1094 2713 1221 2754 modo
1233 2724 1301 2767 ap·

320 2771 495 2831 probata
518 2769 672 2813 censcri
703 2768 818 2823 vult,
841 2769 1088 2828 mandatque
1102 2775 1184 2815 sua
1198 2777 1302 2814 ban·

320 2833 436 2876 airas
449 2861 463 2873 .

437 2887 506 2934 nd
526 2888 674 2931 borum
700 2887 907 2932 hominum
934 2888 1142 2946 sepulchra
1170 2887 1302 2932 vetuit

321 2948 446 2995 etiam
461 2975 476 3000 ,
486 2960 533 2990 ac
547 2945 718 2989 inhibuit
730 2975 744 2997 ‚
759 2945 945 2996 tabellas,
955 2956 1085 3003 'atque
1100 2948 1301 3001 imagines

318 3019 371 3051 ea
384 3018 474 3051 cera
484 3034 500 3058 ‚
514 3014 584 3049 ant
598 3015 769 3062 argento
781 3031 797 3055 ‚
813 3002 879 3050 seu
890 3019 941 3050 ea
964 3006 1042 3050 alia
1054 3018 1300 3064 quacumque

320 3065 493 3110 materia
507 3089 523 3113 ‚
537 3074 620 3107 tam
629 3066 751 3120 pietas
767 3067 911 3121 ‚qnam
930 3063 1066 3118 fictas,
1091 3077 1214 3120 atque
1234 3077 1294 3107 ea*

323 3125 408 3171 seui
458 3136 499 3167 aa
527 3121 728 3181 appendi,
754 3123 952 3181 seuatiigi,
963 3126 1004 3169 dt
1019 3124 1238 3179 lampades,
1251 3121 1298 3167 li·

321 3195 373 3228 ve
390 3198 414 3228 a
433 3183 468 3226 ia
492 3194 754 3241 quincumque
777 3182 927 3227 lumina
952 3183 1123 3228 accendi
1143 3184 1224 3228 line
1239 3195 1301 3226 re·

318 3242 559 3300 cognitione
582 3241 632 3286 ab
647 3241 872 3285 Ordinatio
886 3245 1051 3287 annino
1064 3271 1080 3294 ‚
1093 3252 1213 3299 prout
1239 3240 1298 3285 su·

319 3314 393 3360 pra
409 3299 607 3403 ‘²3:22⁸'
621 3299 791 3358 sedique
806 3302 1050 3359 Apollonien-
1065 3299 1305 3353 reserenda,

321 3374 368 3406 ac
414 3374 432 3403 r
566 3373 588 3403 a
601 3387 615 3403 .

385 3374 412 3419 Ρ
439 3416 812 3476 Decii-nmmum!
827 3432 899 3475 per
913 3417 1178 3477 suprascripta
1200 3434 1300 3477 pre·

319 3477 499 3534 judicare
513 3480 555 3522 in
569 3479 710 3538 aliquo
733 3491 814 3522 non
830 3478 918 3523 vuit
931 3507 948 3531 ‚
973 3494 1103 3538 neque
1119 3480 1296 3525 intendit

320 3539 370 3642 g:
387 3537 494 3641 ‚sqni
522 3548 591 3641 au}
612 3553 683 3640 per
694 3550 954 3642 εοωιιιιεῆω
980 3540 1167 3641 ξεσΙιῦς
1194 3554 1293 3583 con·

322 3611 605 3713 saxu-’titre'
619 3610 1295 3718 giurznn'tznilirgfuttetqaug'anncki'd:

325 3727 410 3755 tum
425 3714 586 3773 scripta,
600 3716 661 3762 vel
680 3714 887 3774 longissimi
903 3720 1099 3777 temporis
1113 3718 1294 3771 scientia,

324 3783 376 3869 ..εὔ
393 3773 605 3873 init-'untia
621 3776 736 3822 Sedis
763 3777 986 3834 Apostoliri
998 3804 1016 3830 ‚
1041 3777 1106 3823 vel
1119 3778 1297 3823 Ordina-

325 3841 359 3870 η
386 3855 400 3880 0
417 3842 469 3871 (ο
489 3844 608 3878 “mut
621 3864 636 3878 o

1098 213 1615 304 Monumenta

1501 361 1560 401 Ut
1582 367 1718 400 autem
1747 355 1934 412 praemiffa
1964 355 2207 413 diligentius
2238 357 2370 405 obser-

1384 428 1529 460 ventur
1542 442 1557 465 ,
1589 417 1842 460 Univcrfis&
1856 418 2013 470 lingulis
2028 447 2044 467 ,
2075 428 2158 460 tam
2190 420 2367 464 Ordina-

1379 479 1451 518 riis
1466 506 1481 528 ,
1499 478 1629 533 ‘quim
1661 478 1852 520 hereticae
1869 478 2086 531 pravitatis
2119 477 2370 533 inquifitori-

1381 537 1455 578 bus
1484 537 1662 579 dilirtc'te
1688 537 1893 593 praecipit,
1922 546 1965 576 ut
1994 548 2032 574 tn
2064 534 2130 578 sua
2162 539 2370 594 quisque,

1379 595 1554 639 Dioeceii
1569 625 1586 647 ,
1619 595 1683 639 vel
1720 596 1931 638 Provincia
1962 593 2107 636 scdulo
2120 599 2335 653 pervigilet
2350 623 2366 648 ,

1378 668 1430 698 ne
1446 654 1525 698 fine
1538 655 1900 711 approbationibus
1917 654 2115 707 predictis
2129 679 2145 703 ,
2169 658 2366 712 imagines

1378 728 1470 758 cum
1488 717 1718 758 memoratis
1737 714 1852 769 fignis
1880 722 2137 767 exponantur
2150 741 2165 765 ,
2189 724 2256 756 aut
2287 716 2367 757 mi-

1379 774 1516 817 racula
1533 802 1548 825 ,
1565 774 1838 818 revelationes
1853 802 1867 825 ‚
1894 785 1940 813 ac
1958 768 2151 813 beneficia
2184 773 2369 828 praedic'ta

1378 832 1668 888 publicentur,
1686 832 1817 875 aliave
1847 843 1993 875 contra
2009 831 2188 885 superius
2205 832 2363 887 dispoli-

1376 902 1419 933 ta
1449 889 1575 944 fiant,
1602 888 1898 948 transgreffores
1925 892 2052 939 veto,
2087 890 2110 930 ii
2138 891 2363 948 Regulares

1376 948 1528 993 suerint
1542 978 1557 1001 ,
1584 952 1822 1006 privationis
1852 948 2008 992 suorum
2024 946 2253 993 officiorum
2269 977 2283 1001 ,
2314 965 2362 994 ae

1377 1008 1488 1051 vocis
1503 1011 1640 1052 activa
1652 1038 1667 1061 ,
1683 1011 1723 1052 δι
1737 1007 1890 1065 paffivae
1905 1036 1920 1060 ,
1936 1022 2010 1051 nec
2026 1021 2107 1051 non
2131 1011 2171 1051 &
2202 1010 2363 1065 suspen..

1376 1066 1494 1109 sionis
1510 1069 1531 1109 i
1557 1067 1705 1111 divinis
1720 1096 1736 1119 ,
1766 1069 1790 1109 fi
1818 1068 1916 1111 vero
1933 1067 2092 1110 Clerici
2122 1066 2329 1112 saculares
2345 1097 2362 1122 ,

1374 1126 1615 1182 privationis
1635 1130 1789 1180 pariter
1815 1128 1974 1168 suorum
2002 1124 2255 1178 officiorum,
2283 1127 2364 1172 sus-

1375 1186 1572 1241 peniionis
1604 1185 1625 1227 i
1640 1185 1816 1235 divinis,
1844 1186 1948 1226 &ab
1971 1183 2361 1232 administratione,

1373 1246 1728 1287 sacramentorum
1754 1268 1770 1291 ,
1814 1242 2168 1299 exequutionequc
2196 1244 2359 1288 suorum

1372 1301 1576 1347 Ordinum
1603 1302 1848 1357 respective,
1873 1299 2041 1356 aliisque
2069 1303 2238 1347 arbitrio
2257 1318 2360 1360 prae·

1372 1362 1575 1405 dictorum
1603 1362 1946 1412 ordinariorum,
1972 1357 2037 1402 {cu
2069 1362 2356 1419 inquifitorum

1373 1434 1452 1478 pro
1475 1423 1602 1464 modo
1625 1420 1752 1476 culpae
1782 1418 2009 1474 infligendis
2025 1422 2153 1472 poenis
2181 1421 2357 1479 pleflen-

1373 1481 1429 1523 do
1442 1512 1453 1522 .
1470 1482 1552 1539 Qui
1566 1490 1703 1522 autem
1720 1479 1844 1522 libros
1859 1474 2143 1533 impr-efferim,
2161 1492 2231 1524 aut
2252 1483 2360 1524 lma—

1373 1542 1498 1642 3:333,
1515 1540 1753 1640 iiiiii?
1778 1535 2153 1642 {iiffl‘vzffffss'
2187 1552 2351 1642 2223?

1371 1673 1452 1716 que
1470 1656 1660 1702 Artifices
1676 1626 1781 1700 cirza
1797 1651 1986 1712 praemilsa
1999 1626 2355 1715 qualiteicumque

1371 1719 1681 1773 delinquentes,
1697 1716 1884 1771 praedieta
1913 1717 2048 1759 omnia
2064 1717 2255 1759 amittant
2269 1742 2284 1766 ,
2315 1718 2356 1759 &

1373 1776 1532 1831 insuper
1549 1775 1786 1830 pecuniariis
1798 1803 1814 1828 ,
1826 1774 1994 1832 aliisque
2009 1774 2131 1818 etiam
2154 1788 2353 1831 corpora-

1372 1836 1480 1879 libus
1498 1839 1629 1888 poenis
1641 1862 1659 1888 ,
1676 1834 1798 1890 >jum
1814 1834 1992 1877 criminis
2021 1834 2263 1890 gravitatem
2278 1846 2352 1877 eo-

1372 1894 1556 1938 rumdem
1571 1893 1878 1936 Ordinatiorum
1891 1922 1908 1946 ,
1941 1894 2007 1935 stu
2027 1893 2354 1949 lnquifitorum.›

1368 1955 1543 1998 arbitrio
1556 1952 1809 1995 afficiantur.
1836 1952 2070 1996 Contrariis
2095 1951 2356 2007 quibuscum-

1368 2024 1449 2065 que
1465 2025 1546 2052 non
1560 2009 1807 2053 obstantibus
1819 2040 1833 2052 .

1485 2069 1536 2110 Et
1556 2081 1604 2109 ne
1620 2067 1905 2121 przmifforum
1923 2067 2151 2124 ignorantia
2166 2068 2284 2124 poffit
2299 2068 2352 2112 ab

1363 2126 1502 2182 aliquo
1517 2125 1743 2183 pretendi,
1767 2123 1927 2178 voluit,
1957 2137 2001 2171 ut
2021 2128 2250 2171 Decretum
2276 2129 2354 2173 hu·

1365 2182 1564 2240 jusmodi,
1598 2183 1663 2226 seu
1680 2184 1788 2227 illius
1809 2185 2039 2241 exemplum
2053 2186 2104 2230 ad
2124 2187 2257 2231 valvas
2275 2190 2354 2231 Ba-

1365 2241 1482 2285 filice
1499 2240 1698 2295 Principis
1711 2242 2002 2294 Apostolorum
2019 2246 2143 2288 Urbis
2159 2273 2174 2297 ,
2203 2260 2249 2290 ac
2281 2248 2353 2293 in,

1366 2301 1467 2345 Acie
1484 2298 1631 2352 Campi
1651 2297 1779 2340 Floroe
1797 2296 1960 2342 affixum
1974 2327 1989 2350 ,
2019 2315 2159 2345 omnes
2180 2305 2351 2359 proinde

1363 2361 1492 2403 arctet
1508 2387 1523 2411 ,
1546 2355 1668 2412 atque
1683 2354 1830 2399 afficiat
1842 2381 1858 2404 s
1880 2371 1927 2400 ac
1941 2360 1967 2401 fl
1985 2359 2203 2417 unicuique
2217 2364 2352 2416 perfb-

1364 2418 1516 2463 naliter
1530 2416 1762 2461 intimatum
1779 2412 1935 2460 suisset:
1966 2418 2160 2476 quodque
2183 2420 2351 2476 presen-

1361 2479 1464 2522 tium
1481 2473 1757 2531 transumptis,
1768 2475 1894 2519 ctiam
1910 2476 2120 2533 impr-effla,
2134 2493 2250 2522 manu
2270 2483 2352 2523 No-

1363 2538 1452 2580 tarii
1482 2535 1632 2593 publici
1659 2532 1922 2591 subscriptis,
1951 2550 1997 2579 ac
2019 2537 2150 2592 sigilio
2174 2538 2346 2595 alicujus

1363 2594 1533 2654 persone
1552 2596 1591 2638 in
1611 2594 1881 2638 Ecclefiassica
1898 2595 2099 2652 dignitate
2122 2597 2349 2640 constituta

1364 2655 1528 2699 munitis
1543 2682 1557 2703 ‚
1581 2651 1721 2695 eadem
1736 2653 1899 2707 prorsus
1918 2652 2017 2696 fidca
2035 2655 2348 2712 habeatur,quoe

1362 2711 1617 2773 pri-sentibus
1643 2712 1891 2765 haberetur,
1922 2711 1947 2755 fi
1971 2707 2111 2759 forent
2133 2715 2352 2770 exhibitae,

1365 2773 1430 2818 vel
1444 2769 1628 2817 ostense.

1481 2828 1742 2876 Postmodum
1756 2830 1854 2874 verb
1878 2830 1984 2876 idem
2008 2830 2274 2876 &unimam
2294 2834 2347 2876 D.

1364 2890 1453 2938 nt
1469 2886 1706 2945 quibusdam
1729 2892 1911 2934 revocari
1927 2893 1966 2935 ln
1981 2888 2143 2937 dublum
2164 2890 2319 2949 accepit
2332 2918 2349 2945 ,

1361 2965 1411 2994 an
1427 2946 1616 2993 Tabellas
1628 2976 1644 3007 ,
1657 2949 1698 2992 δι
1713 2950 1916 3007 imagines
1929 2979 1944 3004 ,
1965 2964 2065 3008 quaa
2086 2950 2125 2997 in
2143 2949 2347 3009 posterum

1360 3009 1499 3053 offerri
1515 3008 1766 3065 contigerit,
1792 3011 2002 3069 recipere,
2034 3011 2076 3066 Gt
2098 3007 2348 3069 anteaobla-

1361 3080 1420 3114 tas
1442 3066 1680 3110 conservare
1697 3066 1870 3123 liceret,
1899 3067 2098 3124 Sanctitas
2123 3069 2228 3118 Sua,
2259 3080 2344 3126 qun

1360 3126 1645 3180 tantummodo
1660 3125 1819 3176 voluit,
1850 3121 2111 3172 occurrendo
2130 3124 2312 3169 abuflbua
2329 3152 2344 3177 ,

1358 3186 1426 3246 qui
1454 3185 1634 3240 irrepere
1661 3184 1931 3238 videbantur,
1964 3182 2182 3228 certiorem
2203 3196 2347 3242 parare

1362 3247 1468 3289 viam
1484 3243 1535 3287 ad
1553 3256 1697 3289 eorum
1714 3244 1752 3287 in
1771 3245 1890 3288 terris
1938 3245 2112 3295 loriam,
2135 3253 2348 3303 quonum„

1363 3304 1661 3349 sanctimoniam
1694 3304 1852 3348 Divina
1878 3302 2114 3348 Cementie
2146 3303 2344 3361 placuerit

1363 3362 1607 3408 admirandis
1620 3362 1812 3419 operibus
1829 3361 2056 3417 illustram
2075 3375 2118 3406 re
2130 3362 2238 3421 priris
2252 3376 2343 3407 cum

1364 3420 1635 3467 lllussriilimit
1650 3449 1664 3473 ,
1688 3422 1730 3465 δι
1761 3419 2107 3467 Reverendiilimia
2130 3424 2222 3466 Do·
2241 3425 2346 3467 Car-

1359 3481 1560 3526 dinalibut
1584 3491 1727 3524 contra
1755 3482 1980 3526 hereticam
1998 3481 2237 3538 pravitatem
2256 3482 2343 3526 Ge·

1358 3541 1563 3585 neralibua
1579 3538 1890 3599 lnquiiitoribua
1903 3538 2202 3586 communicata
2213 3568 2227 3593 ‚
2243 3552 2340 3598 prn-

1356 3598 1454 3644 senti
1471 3602 1652 3645 Decreto
1672 3597 1894 3645 declaravit
1909 3627 1922 3642 .
2001 3598 2081 3644 abd
2094 3627 2110 3653 ,
2129 3599 2224 3645 ficut
2240 3612 2341 3645 nun·

1354 3673 1474 3718 quam
1506 3659 1713 3716 probibuit
1739 3686 1755 3711 ‚
1783 3670 1862 3703 nec
1893 3654 1966 3702 iii·
2013 3659 2229 3706 ntentionit
2245 3654 2339 3710 finit,

1360 3720 1581 3777 prohibere
1594 3715 1847 3762 oblationem
1858 3742 1873 3766 ‚
1888 3721 2249 3787 receptionemqtte
2265 3718 2340 3760 Ta·

1359 3779 1586 3827 bellarum,
1610 3778 1648 3819 dt
1667 3775 1887 3832 imaginum
1907 3777 2127 3834 hujusmodi
2142 3803 2158 3829 ,
2182 3787 2237 3820 ita
2255 3802 2269 3825 ‚
2294 3785 2354 3819 ut-

1358 3837 1460 3884 nulli
1473 3835 1663 3894 deinceps
1680 3834 1912 3880 bnfitationi
1927 3837 2042 3883 locut
2056 3832 2310 3893 relinquatur
2323 3862 2337 3888 ,

2210 3899 2284 3939 iia-
