2554 4230
238 354 595 475 salutem
635 353 1056 474 faciebant
1078 425 1101 456 ,
1162 381 1507 474 unquam
1566 353 1900 470 omiststi,
1932 384 2058 442 -ac
2084 352 2291 472 sem-

244 497 394 596 per
435 545 458 574 ,
517 475 609 565 ὃ
672 475 960 592 ubique
1018 500 1188 562 tum
1249 482 1332 560 iu
1399 473 1685 573 ltalia,
1737 484 1909 559 ium
1970 480 2050 559 in
2118 469 2294 559 Gal-

258 593 370 682 lia
405 661 429 690 ,
490 585 878 710 Hispania
904 660 926 695 ‚
994 590 1484 710 Portugallia
1530 661 1552 691 ,
1616 593 2032 679 Pannonia
2096 659 2117 687 ‚
2194 618 2291 674 ac

249 713 628 836 praecipue
686 717 769 797 in
823 710 1247 797 Germania
1271 781 1294 811 ‚
1351 739 1448 796 ac
1496 716 1576 795 in
1632 709 1799 795 hac
1836 711 1925 795 V
1919 715 2152 794 iennae
2215 712 2293 790 in

259 829 617 942 ‘Austria
664 896 687 926 ‚
781 827 1213 921 monachii
1294 838 1378 912 in
1479 831 1830 915 Bavaria
1897 894 1920 926 ,
2023 828 2292 939 Pragae

262 950 422 1038 &a
463 950 838 1033 virtutem
887 970 1114 1031 tuam
1157 951 1254 1031 in.
1283 950 1623 1061 proximi
1659 942 2008 1056 salutem
2058 947 2293 1058 «Αμυ-

245 1063 508 1174 stolico
570 1060 872 1176 effluvio
935 1058 1262 1178 ‚effusam
1310 1131 1333 1160 ,
1393 1064 1482 1150 δέ
1546 1059 1866 1176 divffam
1915 1059 2291 1178 probasti.

442 1179 776 1294 Qantd
832 1179 1197 1265 bonorum
1234 1175 1724 1296 scaturigine
1796 1179 2101 1267 demum
2177 1176 2261 1261 T
2253 1205 2294 1260 e

256 1294 604 1413 diviseris
661 1295 774 1389 ad
829 1298 1051 1385 Sacri
1113 1297 1428 1387 Ordinis
1490 1296 1885 1385 commoda
1949 1368 1968 1397 ,
2056 1323 2302 1410 angu-

263 1418 399 1503 Ha
442 1412 823 1530 explicare
866 1444 1017 1500 non
1059 1414 1261 1529 sinit
1312 1413 1637 1501 charta.
1686 1413 2106 1530 Meminiffis
2119 1408 2298 1530 suf-

251 1532 490 1647 ficiat
551 1598 573 1630 ,
665 1528 782 1615 Te
847 1599 870 1630 ,
953 1534 1259 1620 arbitra
1348 1531 1716 1620 Themide
1780 1602 1804 1637 ‚
1896 1534 2007 1621 ad
2066 1534 2298 1617 Gene-

258 1650 451 1736 ralis
525 1648 952 1736 Minis‘icrii
1021 1649 1407 1766 pertigaff’
1488 1650 1787 1737 culmen
1832 1718 1855 1750 ,
1939 1652 1991 1738 ὰ
2068 1653 2302 1734 nemi-

260 1796 359 1854 ne
416 1795 766 1882 unquam
828 1764 1303 1882 conscensum
1370 1837 1392 1867 ,
1468 1774 1594 1857 cui
1655 1775 1951 1887 pravia
2014 1775 2299 1852 merita

261 1891 476 1972 viam
533 1905 680 2000 per
709 1880 1238 1999 succedaneos
1279 1886 1587 2001 gradus
1657 1917 1807 1973 non
1869 1882 2271 2003 ιψιάβεητΙ
2286 1950 2304 1968 .

247 2004 549 2090 Ἑαὲἳω
599 1998 872 2115 forma
930 2002 1198 2114 Gregis
1272 2031 1368 2084 ex
1443 2009 1699 2088 animo
1733 2070 1777 2106 ..‚
1826 2002 2074 2118 juxta
2161 2001 2302 2104 Di·

259 2124 346 2208 m·
410 2119 748 2232 Gregorii
808 2120 1187 2200 monitum
1206 2178 1229 2214 ‚
1291 2119 1894 2201 Sublimitatem
1959 2141 2123 2201 tuae
2186 2118 2303 2199 di-

262 2237 600 2351 gnitatis
689 2228 1135 2342 adaequfisti
1224 2226 1663 2340 splendore
1747 2228 2301 2316 conversatio·-

249 2359 381 2439 εἰς
421 2417 449 2455 ,
521 2350 613 2441 &²
678 2346 1196 2465 multiplicasti
1264 2350 1607 2438 latitiam
1663 2378 1811 2436 non
1845 2345 2105 2464 solum
2163 2359 2306 2437 va·

262 2475 559 2564 riarum
624 2468 1215 2555 Provinciarum
1245 2533 1268 2566 ,
1328 2466 1422 2557 &³
1484 2469 2015 2555 Conventuum
2054 2466 2296 2583 fietu,

258 2585 395 2688 led
465 2590 708 2676 etiam
783 2592 1161 2672 communi
1222 2581 1512 2700 solatio
1573 2654 1596 2691 ,
1672 2616 1820 2704 quo
1904 2586 2218 2673 Fratres
2274 2654 2299 2686 ,

263 2736 453 2823 quos
516 2701 1059 2819 benefaciendo
1089 2701 1132 2807 ‚⁰
1172 2702 1265 2792 δέ
1305 2700 1669 2819 sanando
1718 2703 2303 2821 pertranstvisti,

260 2823 595 2914 ubertim
628 2819 1038 2939 replevisti.
1075 2820 1285 2910 Ordo
1334 2846 1546 2909 totus
1595 2822 1688 2908 de
1744 2828 2105 2911 memoria
2156 2846 2303 2909 tua

265 2969 452 3059 erga
512 2968 688 3026 eum
748 2935 1258 3051 beneficentia
1309 2938 1521 3052 ficut
1582 2939 1888 3027 laetatur
1944 3006 1968 3042 ‚
2028 2947 2146 3028 ita
2206 2940 2298 3029 ΕΘ

271 3058 366 3148 de
407 3061 708 3146 ratione
766 3055 1013 3173 censet
1040 3124 1062 3157 ‚
1121 3081 1213 3145 ut
1232 3124 1254 3156 ‚
1304 3059 1436 3144 ubi
1482 3063 1562 3144 in
1628 3058 1745 3143 Te
1776 3059 2129 3176 praceffit
2185 3057 2303 3142 be-

273 3175 711 3293 neficiorum
788 3180 869 3262 in
943 3204 1119 3262 eum
1197 3170 1445 3291 effusio
1507 3243 1530 3279 ,
1593 3180 1671 3262 in
1729 3178 1855 3262 illo
1910 3172 2306 3291 sequatur

257 3322 507 3414 grata
537 3294 806 3382 horum
842 3290 1349 3415 compensatio
1370 3290 1781 3411 :sequatur
1814 3295 2035 3382 Sacri
2077 3289 2305 3378 Alta-

273 3421 379 3501 ris
407 3415 642 3502 honor
663 3481 684 3513 ,
704 3436 851 3533 pro
882 3441 1031 3533 quo
1059 3409 1775 3530 Tibi,secundante
1802 3409 2030 3513 Coelo,
2056 3408 2302 3494 decer-

282 3534 518 3657 nendo
579 3538 901 3654 impiger
973 3529 1282 3621 laborat
1346 3600 1369 3632 ,
1445 3532 1535 3622 803
1598 3554 1744 3650 pro
1823 3557 1972 3648 quo
2034 3525 2302 3645 filicia

274 3676 453 3761 Jam
494 3652 725 3764 sabia
761 3651 959 3770 ssent
1019 3649 1398 3772 auspicia.
2103 3764 2170 3849 R

2172 3793 2246 3848 e·-
