2508 4218
984 168 1463 285 stpoflolica
1491 236 1508 257 .

252 320 529 370 &testimonio
553 317 673 360 etiam
701 316 848 371 Magrii
877 319 1167 373 comprobatur
1190 318 1234 360 in

252 385 332 444 ejus
355 380 591 428 Hierolexieo
605 402 620 424 ,
645 378 688 418 in
709 375 890 418 vocabulo
905 378 1071 420 CRUX.

255 479 258 483 ,
366 436 555 484 Secundo
581 435 678 478 loco
690 435 910 491 inquiritur
923 465 940 486 ,
970 447 1110 478 utrum
1124 435 1231 477 Cru-

253 501 387 548 cifixus
404 495 581 554 pendens
594 495 616 537 i
631 496 770 537 Cruce
784 492 930 537 debeat
943 494 1119 537 inAltari
1137 506 1231 534 con·

252 560 360 606 stitui
376 586 391 610 ‚
417 553 569 598 etiamfi
585 554 776 596 Salvator
795 552 928 597 noster
941 550 1174 597 Crucifixus
1194 552 1234 594 in

252 618 393 673 majori
410 612 566 658 Tabula
582 612 733 657 Altaris
746 612 928 667 depictus
943 639 957 663 ‚
990 621 1059 653 aut
1074 611 1234 653 caelatus

250 683 440 734 appareat
454 702 466 715 .
497 674 710 717 Ganntus
726 670 768 715 id
788 670 954 727 quidem
973 669 1144 726 probat;
1169 668 1234 712 alii

253 739 348 783 veto
383 729 643 779 neceffarium
674 730 715 772 id
745 730 911 773 minime
946 730 1198 772 arbitrantur
1220 753 1234 775 a

251 792 479 842 dummodo
491 801 623 835 tamen
638 788 870 834 Crucifixus
885 790 926 832 in
941 787 1083 846 majori
1098 788 1234 830 Tabu-

250 856 291 899 la
307 853 372 899 vel
387 852 540 910 pietus,
563 849 626 893 vel
642 850 802 893 caelatus
819 877 833 901 ,
865 848 1038 905 primum
1058 846 1234 889 locum,

248 914 437 958 obtineat
466 922 543 966 pre
568 910 722 953 ceteris
746 908 964 959 omnibus,
995 919 1082 961 quae
1106 907 1144 949 in
1166 919 1235 948 ea-

249 975 342 1019 dem
357 969 516 1013 'rabula
529 969 840 1023 exprimuntur.
871 969 933 1010 lta
958 965 1118 1008 censent
1141 963 1234 1008 Pas-

248 1030 434 1088 qualigus
464 1028 509 1070 de
540 1026 742 1083 Sacrificio
769 1025 897 1083 Miffie
938 1024 1068 1082 quaest.
1098 1024 1196 1075 716.
1220 1038 1236 1077 3

249 1094 437 1151 Qartus
453 1087 508 1130 ed
524 1086 715 1130 Rubricas
733 1085 902 1143 Miffialis
920 1095 1013 1141 par.
1036 1098 1069 1126 ι.
1081 1087 1150 1126 tit.
1167 1097 1236 1128 20.

249 1150 340 1196 dub.
363 1160 453 1193 10.:
480 1148 520 1188 δι
545 1144 783 1190 Giribaldus
796 1144 843 1186 de
857 1142 1116 1187 sacramentis
1139 1145 1235 1187 ivr-2

249 1207 371 1254 trahil.
387 1219 426 1256 ,ς-
456 1207 502 1248 de
531 1205 732 1263 sacrificio
759 1203 887 1261 Mffl·
914 1212 998 1259 cap.
1013 1217 1054 1259 9.
1084 1201 1176 1244 dub.
1193 1214 1235 1244 2.

248 1281 356 1311 num.
374 1277 472 1317 202,
501 1265 607 1307 Huic
622 1263 772 1321 pariter
794 1263 1000 1306 sententiat
1014 1260 1053 1306 se
1068 1261 1233 1304 confor-

250 1327 380 1369 mavit
397 1323 676 1378 congregatio
700 1323 919 1365 Sacrorum
942 1323 1144 1372 Rituum‚
1171 1320 1231 1362 uti

248 1383 403 1428 constat
424 1394 475 1423 ex
493 1379 770 1435 responlione,
799 1394 919 1436 quam
945 1379 1025 1436 ipsa
1050 1378 1232 1436 promul·

250 1443 361 1501 gavit
374 1452 473 1483 anno
490 1438 613 1496 1663.
630 1469 644 1492 ,
667 1440 704 1481 δι
719 1452 839 1496 quam
856 1442 1036 1482 Meratus
1052 1434 1234 1482 recenset

248 1513 342 1547 tom.
353 1515 385 1544 ι.
396 1510 487 1556 par.
499 1513 535 1543 ι.
547 1500 687 1544 tit.20.
703 1500 749 1541 de
766 1503 1063 1554 preparatione
1078 1496 1235 1543 Alter-it

247 1574 356 1606 num.
369 1561 410 1603 6.
425 1588 441 1613 ,
465 1559 557 1603 &in
578 1559 718 1603 Indice
735 1560 1005 1603 Decretorum
1025 1556 1151 1602 eodem
1175 1567 1237 1601 to·

247 1631 450 1678 uapor-2.
468 1631 574 1662 num.
587 1630 689 1673 400.

371 1678 515 1723 Tertio
538 1677 632 1720 loeo
653 1678 874 1736 quaritur,
905 1687 1042 1723 utrum
1064 1675 1237 1723 Crucifi-

249 1753 320 1786 xus
335 1739 374 1781 in
389 1737 524 1781 Altari
540 1736 739 1780 collocari
757 1738 903 1781 debeat
919 1767 935 1790 ,
958 1751 1051 1782 cum
1069 1734 1235 1781 Sacrifi-

248 1802 357 1842 cium
376 1795 494 1840 Mnffae
509 1797 547 1838 in
561 1810 613 1839 eo
629 1794 844 1840 conficitur
861 1798 994 1840 Altari
1011 1827 1024 1847 ‚
1056 1798 1123 1840 ubi
1138 1796 1237 1853 poli·

248 1869 338 1903 tum
353 1857 408 1899 est
430 1856 781 1909 tabernaculum,
809 1857 848 1900 in
867 1871 947 1914 quo
962 1857 1080 1913 Pyxis
1107 1871 1238 1900 cum.»

249 1917 383 1960 Sacris
399 1914 612 1959 Particulis
627 1916 892 1971 continetur3
913 1931 1004 1959 eum
1020 1915 1237 1973 praesertim

250 1973 386 2017 eidem
402 1973 688 2016 Tabernaculo
703 1988 832 2029 parva
850 1978 963 2018 Crux
978 1989 1070 2019 cum
1087 1975 1238 2028 Imagi-

247 2046 302 2079 ne
335 2030 554 2073 salvatoris
581 2032 778 2074 crucifixi
804 2031 962 2083 semper
979 2028 1235 2084 praefigatur.

1293 314 1562 360 celebrationi
1577 316 1762 360 absolute
1778 331 1854 360 non
1869 322 2053 378 obstare3
2076 334 2134 373 uti
2147 227 2274 378 C3hri2

1292 377 1440 419 stianus
1457 378 1590 429 Lupus
1610 376 1804 432 expendit
1828 388 1921 419 tom.
1949 396 1962 423 ι
1978 398 2007 422 ι.
2041 394 2276 436 recentioris

1294 436 1480 477 editionis
1508 434 1548 476 in
1576 434 1859 479 Differtatione
1881 438 1926 479 de
1940 442 2068 482 Sacris
2089 445 2277 502 Procaffo-

1294 492 1405 536 nibus
1410 503 1505 549 pag.
1524 495 1622 549 356.
1657 497 1771 538 Hanc
1801 496 1937 551 itaque
1963 507 2279 548 controversiam

1295 566 1421 609 quum
1440 555 1536 597 alias
1552 557 1637 595 Nos
1658 553 1726 608 ipli
1749 554 2071 606 expenderemus
2090 559 2127 600 in
2146 559 2280 615 supra-

1294 612 1429 654 citatis
1445 614 1764 655 Commentariis
1778 612 1824 655 de
1838 615 2037 674 sacrificio
2055 617 2178 676 Miffc
2187 629 2282 674 par,

1293 668 1484 727 4.seH.1.
1498 684 1604 713 num.
1626 671 1720 725 18.;
1754 671 1916 716 illorum
1931 677 2170 718 sententiam
2188 691 2282 732 pro-

1296 731 1478 772 bavimus
1493 756 1506 780 ,
1537 731 1604 787 qui
1635 732 1859 774 existimant
1891 732 2142 778 crucifixum
2176 736 2279 778 inter

1293 788 1550 831 Candelabra
1572 789 1689 832 statui
1718 791 1868 834 debere
1882 819 1897 842 ‚
1928 807 2058 849 neque
2086 807 2283 850 parvam-2

1293 850 1471 890 Crucem
1486 876 1501 899 ,
1531 862 1618 904 quae
1636 851 1922 894 Tabernaculo
1950 851 2198 908 prefigitur,
2224 851 2285 894 sa-

1296 909 1346 951 tis
1363 905 1438 948 effe
1454 935 1470 957 ,
1494 920 1544 949 ne
1571 909 1751 951 Rubrica
1781 909 1991 963 violetur,
2022 911 2284 968 quemadmo—

1296 967 1393 1010 dum
1409 965 1573 1009 inferius
1587 967 1874 1024 explicabimus
1889 1001 1902 1014 .
1928 970 2122 1028 Idemque
2136 968 2286 1015 censuit

1297 1027 1575 1082 congregatio
1590 1032 1804 1071 sacrorum
1822 1030 1989 1073 Rituum
2006 1043 2112 1073 anno
2124 1029 2250 1083 '1663-
2267 1056 2283 1081 ,

1297 1086 1355 1129 uti
1371 1086 1614 1140 perspicitur
1629 1099 1677 1129 ex
1695 1087 1835 1132 lndice
1853 1090 2121 1134 Decretorum
2137 1115 2152 1139 ‚
2168 1101 2286 1143 quem

1297 1147 1478 1187 Meratus
1491 1146 1672 1188 exhibuit
1684 1172 1698 1195 ,
1712 1155 1794 1202 par
1823 1163 1863 1191 2.
1877 1158 2016 1192 tanm-
2031 1162 2141 1190 num.
2155 1159 2253 1199 400.
2268 1173 2285 1198 ‚

1297 1202 1366 1247 ubi
1386 1202 1464 1243 haec
1487 1203 1676 1259 leguntur
1695 1205 1817 1247 verba
1839 1220 1895 1247 =
1915 1211 2023 1247 Crux
2045 1217 2175 1259 parva
2202 1217 2289 1246 cum

1297 1263 1471 1316 luagine
1483 1260 1672 1317 Crucifixi
1681 1262 1933 1322 post'tafiaper
1951 1263 2259 1307 tabernaculum
2268 1288 2284 1311 ,

1291 1324 1335 1364 in
1359 1334 1434 1375 quo
1460 1319 1682 1378 affirmem·
1708 1321 1898 1379 inclusum
1915 1319 2195 1376 Sanbltfflmum
2212 1325 2286 1363 sa·

1292 1392 1533 1423 crameneum
1548 1379 1591 1422 in
1608 1381 1777 1433 Altae-13
1806 1395 1881 1423 non
1903 1381 1955 1432 est
1968 1380 2023 1435 su
2065 1385 2164 1422 aiens
2195 1386 2290 1426 ivr-³

1295 1439 1417 1498 Maeffia
1431 1438 1626 1500 ‚fidpom‘
1639 1440 1747 1483 debet
1759 1439 1842 1482 alia
1860 1444 1969 1484 Crux
1986 1439 2030 1482 in
2044 1440 2164 1482 medio
2183 1444 2288 1484 Can-

1296 1498 1546 1543 delabrorum
1558 1529 1571 1543 .

1414 1561 1457 1614 Q
1473 1572 1574 1602 iarto
1592 1559 1686 1602 loco
1700 1559 1953 1613 disputatur,
1980 1568 2118 1603 utrum
2139 1557 2291 1602 Cruci-

1299 1617 1397 1661 fixus
1410 1621 1516 1661 inter
1528 1618 1787 1661 Candelabra
1804 1617 2070 1662 collocandus
2087 1618 2288 1670 videatur,

1298 1692 1390 1721 cum
1406 1683 1573 1722 Sacrum
1599 1678 1803 1734 peragitur
1821 1678 1859 1719 in
1875 1692 1924 1721 eo
1940 1677 2068 1721 Altari
2082 1707 2098 1728 ,
2130 1678 2195 1720 ubi
2217 1677 2289 1720 Di·

1300 1738 1390 1780 vina
1405 1735 1652 1781 Eucharissia
1677 1751 1756 1780 non
1780 1737 2003 1782 includitur
2025 1740 2290 1782 Tabernacu-

1299 1798 1343 1840 lo
1358 1826 1373 1848 ,
1406 1795 1471 1839 sed
1487 1797 1658 1852 publice
1672 1795 1879 1841 Fidelium
1895 1796 2147 1841 venerationi
2160 1809 2286 1850 expo·

1297 1857 1408 1900 nitur
1421 1885 1433 1897 .
1460 1854 1506 1898 ld
1524 1855 1785 1900 neceffarium
1801 1853 1878 1899 effe
1895 1857 2051 1912 putavit
2067 1858 2287 1899 Sacrorum

1299 1917 1469 1959 Rituum
1483 1917 1766 1972 Congregatio
1780 1916 1840 1956 die
1858 1914 2035 1971 14.Maij
2046 1928 2147 1957 anno
2168 1924 2286 1964 1707·

1296 1976 1392 2019 Hoc
1415 1978 1524 2017 enim
1546 1978 1718 2027 petitum
1747 1973 1875 2019 suerat
1892 1990 1948 2018 =
1966 1976 2156 2032 Anfiaper
2174 1973 2291 2016 Alta·

1295 2041 1339 2069 re
1353 2054 1367 2077 ,
1396 2031 1439 2068 in
1453 2040 1528 2081 quo
1546 2028 1829 2084 sanfflffimum
1844 2035 2142 2075 sacramentum
2169 2039 2285 2084 expa-

250 2089 456 2149 Equidem
475 2091 514 2131 in
528 2088 824 2132 Coeremoniali
838 2086 1130 2142 Episcoporum
1156 2087 1237 2126 haec
1281 2085 1413 2142 filum
1431 2086 1485 2138 est
1500 2114 1512 2135 ‚
1544 2090 1652 2127 Crux
1665 2087 1711 2126 de
1724 2100 1828 2128 mare
1849 2090 2030 2131 collocari
2050 2088 2186 2131 debeat
2202 2103 2259 2130 =
2274 2116 2289 2130 .

247 2152 478 2194 habentur:
511 2150 598 2191 Non
611 2147 894 2201 lncani-uum,
904 2142 1164 2196 sedmaxime
1174 2142 1237 2182 de·
1298 2143 1362 2185 bic
1386 2153 1525 2185 autem
1543 2141 1771 2198 responsum
1788 2135 1842 2186 est
1858 2159 1915 2189 =
1933 2149 2148 2202 Nunquam
2173 2150 2290 2189 omit·

249 2223 333 2253 (ρης
359 2208 411 2264 est
428 2235 444 2257 ,
472 2214 520 2248 ue
532 2204 578 2242 In
592 2204 728 2244 Ateare
740 2226 755 2250 ,
780 2199 851 2240 ab}
867 2197 1148 2255 sanHffwum
1162 2202 1234 2240 Sa·

246 2270 484 2311 nomentum
498 2257 552 2304 est
565 2284 580 2305 ‚
608 2255 732 2315 Mss'ae
746 2271 820 2299 non
836 2258 1080 2301 celebrentur
1090 2285 1105 2308 ‚
1134 2257 1240 2313 qued

243 2322 469 2376 antiquitus
483 2317 728 2374 obsi-evaeum
743 2315 814 2376 effe·
826 2317 1039 2371 credimu13
1055 2320 1073 2360 1
1082 2332 1105 2360 n
1123 2328 1234 2360 vete·

243 2383 278 2426 ri
304 2376 630 2428 caeremoniali,
661 2375 754 2421 cem
778 2377 970 2422 Clemens
987 2378 1104 2420 vlu.
1125 2377 1235 2420 Pon·

242 2439 446 2486 tifieatum
461 2447 653 2493 gereret,
685 2436 739 2480 ita
766 2436 1009 2493 legebatur,
1039 2436 1144 2493 quod
1163 2448 1235 2478 an·

244 2501 415 2557 siquem
439 2496 686 2558 observatum
709 2494 781 2555 effi·
808 2495 980 2540 videmus
994 2526 1005 2539 .
1040 2500 1234 2540 Attamen

243 2559 285 2603 id
321 2555 484 2613 prorsus
515 2555 683 2600 difficile
715 2556 923 2599 nonnullis
953 2554 1120 2601 videtur
1133 2583 1148 2608 ,
1179 2555 1232 2598 ob

243 2631 331 2664 eam
345 2613 502 2661 eausam
517 2645 532 2668 ‚
556 2614 669 2672 quod
683 2644 699 2667 ,
727 2626 771 2658 ut
787 2616 855 2671 ipsi
869 2625 1205 2672 argumentantur
1216 2638 1231 2662 2

245 2678 338 2722 ctam
356 2677 519 2719 unicum
533 2676 678 2718 Altare
696 2676 733 2718 in
751 2675 956 2718 veteribus
969 2674 1150 2730 Templis
1163 2686 1232 2716 ex·

243 2737 325 2780 trui
350 2734 493 2780 soleret
510 2764 527 2787 ‚
557 2745 627 2778 aut
663 2735 805 2777 Divina
834 2734 1081 2778 Euchariflia
1107 2733 1149 2775 in
1174 2733 1230 2775 eis

245 2795 482 2841 conservata
501 2808 578 2836 non
591 2791 720 2837 fuiffet
734 2822 751 2846 ,
770 2803 837 2837 aut
851 2793 1011 2838 nullum
1029 2791 1146 2836 Millae
1159 2796 1230 2837 Sa·

243 2851 444 2899 crificium
463 2855 500 2896 in
515 2854 570 2896 eis
583 2852 678 2896 eflet
695 2853 919 2898 institutum
933 2883 945 2897 .
979 2852 1116 2896 Aliter
1132 2851 1231 2894 vero

245 2912 423 2957 sentiunt
445 2912 500 2958 ii,
528 2911 671 2968 quibus
697 2913 935 2966 cognitum,
960 2913 1229 2968 perspectum·

242 2985 320 3031 que
339 2969 394 3012 est
406 2996 420 3018 ι,
435 2983 526 3012 eum
541 2983 695 3012 morem
714 2967 824 3013 fuilse
836 2972 1056 3028 antiquitus
1071 3001 1086 3023 ,
1100 2981 1146 3015 ut
1163 2974 1229 3014 Sa·

242 3045 311 3075 era
330 3029 573 3073 Eucharistia
589 3030 627 3071 in
646 3028 830 3072 Eccleliae
845 3032 1028 3074 Sacrario
1051 3029 1230 3074 servare·

241 3101 340 3139 tur,
373 3087 435 3129 vel
461 3087 500 3129 iu
524 3088 686 3132 decenti
703 3089 925 3139 Armario‚
948 3091 1058 3146 quod
1083 3086 1229 3145 parieti

241 3147 522 3203 configebatur
535 3175 551 3198 ,
579 3148 640 3190 uti
656 3161 761 3190 nune
775 3148 898 3190 etiam
914 3150 1171 3205 perspicimus
1187 3148 1227 3190 iu

242 3208 406 3253 Basilica
425 3209 573 3249 Sanetae
586 3207 732 3250 Crucis
750 3208 789 3250 in
800 3208 1047 3262 Jerusalem:
1079 3206 1226 3251 Idem...

241 3265 458 3327 perpendit
476 3264 673 3309 Mabillon
692 3268 736 3308 in
755 3266 902 3330 Museo
919 3268 1056 3309 Italico
1078 3275 1174 3307 tom.
1194 3278 1231 3309 1.

235 3329 403 3386 pag.89.
418 3352 432 3375 ,
447 3338 492 3366 ac
508 3334 850 3382 tom.2·pag.t39.
883 3329 938 3368 At
955 3323 1060 3379 quod
1076 3324 1114 3364 in
1132 3335 1228 3378 prae·

245 3386 346 3431 senti
361 3385 508 3439 ingerit
525 3381 808 3427 difficultatem
818 3409 832 3432 ,
845 3395 916 3428 nec
930 3382 1060 3424 ullum
1073 3381 1122 3422 ab
1136 3394 1231 3423 exa-

248 3446 355 3490 mine
372 3441 578 3500 propofitae
597 3439 880 3483 controverfiae
900 3440 1077 3484 liberum
1103 3437 1199 3482 facit
1214 3468 1231 3492 ,

249 3502 351 3546 illud
367 3502 423 3546 est
437 3532 452 3553 ,
482 3500 592 3559 quod
615 3499 723 3553 juxta
737 3500 939 3554 vigentem
952 3497 1201 3552 disciplinam
1214 3524 1229 3547 2

250 3564 367 3604 Sacra
386 3561 631 3609 Eucharistia
644 3556 902 3601 conservatur
916 3556 954 3600 in
972 3557 1229 3601 Tabernacu-

250 3620 292 3662 lo
305 3645 319 3667 a
349 3619 458 3672 quod
478 3619 533 3662 est
548 3618 719 3676 politum
736 3616 851 3672 super
867 3629 947 3658 uno
961 3628 1010 3658 ex
1025 3614 1228 3658 Altaribus

250 3675 465 3724 Ecclefiae‚
493 3678 534 3719 δι
551 3677 659 3735 quod
685 3678 725 3719 in
757 3691 806 3720 eo
833 3673 964 3732 paflim
982 3671 1091 3715 Missa
1117 3672 1228 3716 cele.

249 3737 393 3778 bratur
413 3747 428 3787 3
445 3735 532 3779 cum
547 3761 563 3784 ,
584 3735 726 3779 sedulo
745 3730 1227 3791 perpensoCoeremonia-

249 3795 297 3839 lis
319 3805 460 3844 textu,
490 3793 780 3850 deprehensum
812 3794 856 3837 fit
869 3819 884 3843 ,
915 3807 1006 3836 eum
1037 3788 1227 3847 praedistae

1295 2201 1453 2243 tendam
1469 2203 1605 2244 Crucis
1629 2214 1715 2244 cum
1742 2204 1913 2261 Imagine
1930 2202 2125 2263 crucifixi
2141 2206 2287 2261 apposi-

1294 2260 1344 2302 τά
1362 2261 1745 2319 collocationemz.
1780 2263 1911 2306 Porro
1937 2278 2064 2319 quum
2098 2267 2185 2307 Nos
2220 2262 2287 2319 ipfi

1296 2329 1396 2362 tunc
1421 2319 1460 2362 in
1490 2320 1711 2362 minoribus
1734 2322 1944 2365 constituti
1962 2322 2287 2378 Coadjutorem..

1295 2378 1547 2423 Promotoris
1572 2378 1682 2423 Fidei
1697 2385 1900 2436 gerentes
1917 2412 1931 2434 ‚
1962 2383 2078 2438 ipsius
2111 2382 2208 2425 loco
2231 2380 2289 2423 ei-

1292 2437 1390 2480 dem
1410 2440 1736 2494 Congregationi
1766 2441 1974 2496 praesentes
2005 2439 2254 2485 adfuerimus
2270 2467 2287 2490 ,

1294 2497 1428 2542 adhuc
1443 2498 1644 2541 memoria
1661 2501 1879 2543 retinemus
1893 2528 1906 2551 ‚
1935 2501 1974 2543 in
1989 2500 2060 2543 illa
2084 2496 2285 2543 sententia

1294 2554 1460 2601 ferendi
1478 2560 1587 2600 varia
1603 2557 1712 2602 fuiffe
1727 2574 1773 2601 ac
1790 2559 2055 2616 discrepantia
2074 2558 2252 2612 suffragia
2267 2585 2282 2609 ‚

1293 2627 1539 2673 cautumque
1553 2618 1702 2661 deinde
1726 2617 1864 2672 fuisse,
1902 2633 1952 2663 ne
1979 2620 2060 2675 ipsa
2087 2616 2281 2662 sententia

1292 2674 1330 2717 in
1347 2674 1477 2718 lucem
1494 2676 1687 2719 ederetur
1702 2708 1715 2720 .
1748 2681 1890 2735 ltaque
1904 2692 1967 2721 res
1986 2680 2131 2721 iterum
2153 2674 2283 2718 dedu-

1291 2736 1354 2775 cta
1376 2735 1430 2776 est
1458 2735 1496 2776 in
1522 2747 1689 2776 examen
1715 2736 1832 2777 initio
1860 2735 2127 2778 Pontificati‘is
2141 2731 2279 2776 Nostri

1291 2793 1354 2835 die
1369 2806 1408 2835 a.
1427 2792 1661 2847 Septembris
1687 2805 1788 2834 anno
1810 2804 1930 2845 1741.
1948 2791 1987 2834 in
2003 2791 2141 2834 eadem
2168 2792 2279 2832 Con-

1290 2852 1526 2909 gregatione
1535 2852 1752 2895 Sacrorum
1768 2849 2273 2906 Rituum,quae‚postquam

1289 2911 1426 2954 omnia
1456 2910 1698 2966 diligenter,
1730 2910 1997 2965 accurateque
2031 2905 2242 2964 perpendit
2261 2931 2276 2952 a

1290 2970 1503 3018 decrevit,
1535 2979 1579 3011 ut
1607 2970 1794 3025 quaelibet
1823 2969 1999 3012 Ecclefia
2026 2979 2209 3015 morem,
2235 2964 2275 3005 δι

1291 3030 1515 3072 institutum
1532 3058 1547 3078 ,
1579 3028 1689 3084 quod
1714 3037 1830 3073 antea
1847 3025 2106 3077 servaverat,
2136 3025 2176 3065 in
2201 3035 2274 3078 po·

1290 3088 1433 3131 sterum
1459 3100 1623 3142 quoque
1651 3088 1849 3130 retineret
1873 3117 1886 3129 .
1921 3089 1976 3130 Et
2007 3084 2169 3141 quidem
2202 3093 2274 3136 pro

1287 3148 1420 3189 Cruce
1446 3145 1499 3187 ab
1523 3145 1659 3190 Altari
1681 3145 1958 3197 removenda,
1982 3144 2080 3187 dum
2095 3138 2206 3184 Miffa
2231 3140 2269 3180 in

1287 3219 1339 3251 eo
1359 3204 1618 3257 celebratur,
1643 3207 1678 3247 8ι
1704 3207 1821 3262 super
1842 3219 1893 3248 eo
1910 3203 2077 3259 publicae
2102 3210 2270 3242 venera·

1289 3265 1391 3309 tioni
1410 3264 1654 3308 Eucharistia
1674 3265 1849 3321 expolita
1870 3262 1949 3311 est,
1965 3261 2107 3318 parum
2124 3265 2241 3312 urget
2254 3283 2271 3306 ‚

1287 3323 1397 3381 quod
1427 3323 1612 3367 nonnulli
1639 3323 1839 3376 afferunt,
1870 3322 2060 3365 indecens
2086 3315 2191 3367 effe,
2221 3321 2269 3356 ut

1292 3382 1448 3426 Christi
1463 3384 1602 3438 Imago
1615 3383 1655 3424 in
1669 3396 1723 3425 eo
1735 3385 1831 3424 loco
1845 3381 1914 3431 lit,
1937 3379 1979 3422 in
1996 3372 2267 3435 quoChristus

1290 3441 1372 3498 ipse
1395 3441 1463 3483 sub
1490 3438 1620 3496 specie
1634 3441 1744 3496 panis
1761 3438 1926 3481 realiter
1938 3434 2107 3493 praesens
2121 3433 2175 3476 est
2187 3460 2203 3482 ,
2227 3431 2268 3471 &-

1289 3502 1340 3542 ab
1356 3498 1542 3541 omnibus
1562 3499 1631 3541 sub
1646 3497 1784 3541 eadem
1800 3496 1930 3551 specie
1941 3496 2058 3553 panis
2081 3491 2265 3537 videtur:

1288 3559 1330 3601 id
1348 3558 1494 3612 quippe
1510 3556 1671 3611 prorsus
1695 3556 1922 3610 contingit,
1946 3554 2105 3610 quoties
2121 3554 2266 3595 Sacer·

1289 3616 1362 3659 dos
1383 3615 1422 3655 in
1438 3615 1619 3668 quolibet
1634 3613 1762 3658 Altari
1778 3627 1863 3656 rem
1879 3613 2064 3656 Divinam
2087 3608 2234 3653 faciens
2246 3635 2264 3659 ,

1289 3672 1498 3715 materiam
1513 3672 1767 3716 Eucharistiae
1779 3671 2058 3726 consecravit3
2069 3681 2141 3712 nec
2155 3666 2264 3710 enim

1287 3730 1461 3774 Ecclefia
1481 3743 1652 3786 unquam
1671 3731 1968 3774 decernendum
1979 3727 2162 3788 putavit,
2189 3735 2232 3770 ut
2245 3753 2262 3777 ,

1285 3788 1444 3847 peraeta
1457 3788 1799 3841 Consecratione,
1821 3791 1932 3846 Crug
1955 3792 2005 3834 ab
2028 3786 2167 3833 Altari
2193 3798 2261 3827 te-

2048 3859 2207 3891 movea-
