2496 4172
386 235 427 318 3
443 235 555 317 70

309 365 371 394 ma
393 353 511 408 iplius
535 356 648 400 Beati
669 354 977 413 glorificatione
1000 369 1085 398 non
1109 354 1303 397 affensum

309 411 435 454 modi>
445 413 557 457 suum
566 444 583 468 ‚
607 415 745 459 thlidis
756 417 982 459 rationibus
993 414 1302 464 confirmatum,

309 467 379 512 sed
407 475 527 516 enixa
546 473 668 518 etiam
684 475 808 518 studia
835 477 876 516 δε
893 486 987 518 vota
1014 475 1079 516 sua
1095 471 1300 516 declaras-

307 529 393 571 sent
404 557 420 578 s
448 535 540 575 Nos
551 535 716 590 quidem
742 534 791 576 eti
806 534 858 576 de
875 548 920 577 re
935 534 956 575 a
971 533 1166 589 praedietis
1182 535 1298 587 Apo·

305 588 453 632 {totioe
481 591 599 634 Sedis
631 593 815 636 Notariis
841 592 1000 648 publica
1027 593 1295 634 Instrumenta

306 648 454 693 confici
466 679 484 700 ,
511 665 561 692 ac
587 662 785 706 praeterea
805 651 1061 705 prolatorum
1086 649 1296 704 suffragio-

307 720 397 748 rum
411 710 593 764 exempla
607 712 632 752 a
648 708 811 764 lingulis
827 708 1050 764 subscripta
1066 708 1240 764 colligi,
1252 709 1295 748 δι

307 766 350 806 in
362 766 623 808 Tabularium
635 766 822 810 Ecclefiae
832 766 1012 823 Romane
1026 765 1163 807 inferri
1179 778 1292 808 man-

307 822 495 865 davimus
509 837 526 875 3
542 826 845 873 Verumtamen,
859 836 1077 880 antequam
1094 824 1145 866 ad
1159 824 1293 867 feren-

307 878 399 921 dam
413 880 635 933 hujusmodi
648 880 899 924 definitivam
912 882 1149 924 sententiam
1164 882 1289 924 addu-

306 951 514 989 ceremur,
540 939 693 980 indietis
707 953 780 993 per
797 941 949 981 Urbem
965 940 1215 994 generalium
1231 938 1291 994 je-

306 994 512 1051 juniorum
529 996 668 1037 diebus
678 1027 695 1048 ,
720 995 1011 1052 defignatisque
1023 996 1074 1037 ad
1093 994 1288 1051 supplica-

304 1055 433 1096 tiones
452 1054 638 1098 Ecclefiis
650 1084 666 1106 ,
685 1070 779 1099 cum
796 1055 1052 1111 indulgentia
1071 1054 1179 1098 abiis
1193 1068 1288 1097 con-

306 1112 508 1167 sequenda
523 1142 539 1164 ,
562 1115 629 1171 qui
644 1114 728 1158 suas
750 1129 845 1158 cum
860 1114 1018 1157 Nostris
1032 1112 1289 1156 obsecratio-

304 1171 421 1214 nibus
447 1171 662 1227 jungerent
675 1203 690 1226 ‚
718 1174 899 1229 publicas
928 1172 1115 1217 Ecclefiae
1144 1187 1284 1228 preces

303 1230 409 1287 apud
434 1233 565 1274 Deum
582 1233 743 1276 Patrem
769 1232 965 1276 luminum
987 1233 1287 1288 interponere,

302 1292 536 1334 curavimus
551 1319 566 1343 ,
588 1301 631 1335 ut
645 1292 697 1335 ad
711 1291 948 1348 dirigendos
962 1292 1092 1336 sensus
1114 1291 1289 1335 Nostros

302 1348 416 1405 juxta
430 1350 535 1391 viam
548 1349 655 1393 suam
666 1378 682 1401 ‚
708 1353 847 1406 gratiae
860 1351 932 1394 suae
944 1352 1139 1395 auxilium
1152 1353 1286 1395 Nobis

303 1421 387 1452 non
400 1407 621 1465 denegaret
632 1438 646 1451 .

422 1469 609 1511 Tandem
627 1471 697 1512 bac
718 1470 785 1515 die
797 1500 813 1521 ,
839 1473 1055 1515 Beatorum
1068 1469 1287 1528 Apostolo-

302 1539 395 1569 rum
424 1528 532 1570 Petri
552 1530 592 1571 &
610 1529 723 1573 Pauli
754 1531 969 1587 triumphis
996 1531 1189 1576 decorata
1202 1558 1215 1580 ,
1246 1531 1287 1574 in

303 1585 467 1627 Bafilica
482 1587 674 1631 Vaticana
685 1616 700 1638 ,
715 1590 766 1633 ad
777 1603 898 1645 quam
914 1589 1082 1633 solemni
1098 1591 1177 1633 ritu
1196 1593 1286 1633 Nos

303 1644 586 1701 prat-efferunt
612 1661 753 1692 omnes
768 1646 883 1693 Cleri
900 1650 1111 1692 Saecularis
1140 1650 1178 1691 &
1200 1650 1284 1691 Re-

303 1703 457 1759 gularis
467 1706 646 1750 Ordines
656 1736 671 1760 ,
694 1708 829 1750 omnia
841 1708 1148 1764 Magistratuum
1161 1709 1203 1751 &
1213 1706 1285 1752 Of·

303 1761 494 1806 ficialium
513 1766 702 1809 Romanae
714 1768 848 1811 Curiae
858 1767 1045 1821 Collegia
1058 1793 1070 1813 ,
1082 1781 1173 1809 eum
1187 1781 1286 1821 prae·

305 1820 424 1865 dietis
440 1824 544 1867 Ven.
560 1826 762 1868 Fratribus
778 1826 935 1867 Nostris
951 1827 993 1867 S·
1010 1826 1063 1866 R.
1078 1826 1126 1868 Ε.
1140 1826 1288 1867 Cardi-

305 1879 479 1933 nalibus,
495 1883 735 1925 Patriarchts
746 1912 761 1934 ,
775 1881 1123 1940 Archiepiscopis,
1136 1884 1176 1925 δι
1191 1886 1287 1941 Epi-

304 1940 431 1994 scopis
445 1968 458 1990 ,
474 1940 796 1984 Ecclefiasticum
808 1954 1055 1985 conventum
1070 1943 1287 1988 celebran-

304 2010 365 2040 tes
378 2023 392 2046 ,
409 2008 625 2054 antequam
640 2000 747 2045 sacra
762 2003 951 2057 mysteria
966 2002 1283 2056 conficeremus,

303 2057 494 2100 exhibitis
510 2061 637 2102 Nobis
653 2062 803 2103 iterum
816 2063 1044 2118 iterumque
1072 2064 1094 2105 a
1123 2064 1286 2109 Diteao

302 2115 409 2159 Filio
442 2117 593 2160 Nolito
614 2120 822 2177 Joachimo
849 2119 976 2165 ‘rituli
1008 2125 1283 2171 Sanctorum„

303 2177 500 2233 Qatuor
514 2180 817 2223 coronatorum
834 2181 1083 2236 Presbytero
1106 2182 1148 2224 S·
1167 2185 1221 2228 R.
1234 2187 1286 2228 E.

302 2234 508 2279 cardinali
524 2237 814 2283 Portoearrero
837 2249 1094 2297 nuncupato,
1118 2255 1192 2298 per
1215 2257 1286 2285 or..

304 2305 457 2350 ganum
498 2294 641 2340 Dileeti
679 2297 775 2341 Filii
799 2299 972 2354 Uirgilii
1010 2298 1281 2347 Montecatini

299 2350 591 2397 Conlillorialis
617 2355 730 2399 Aul:
743 2356 896 2401 Nostroe
921 2356 1155 2409 Advocati,
1180 2376 1284 2419 prae·

301 2410 503 2455 dictorum
516 2413 838 2460 Christianorum
856 2416 1086 2472 Principum
1099 2447 1115 2471 ‚
1139 2418 1284 2465 Eccle-

302 2467 471 2519 flamm,
496 2471 538 2513 δι
561 2474 814 2531 Populorum
840 2474 1172 2531 postulationibus
1186 2509 1202 2533 ,
1233 2494 1281 2524 ac

302 2529 412 2571 votis
428 2543 506 2584 pro
518 2531 632 2585 iptius
658 2534 797 2577 ΒεΑτι
813 2535 998 2589 josuam
1022 2537 1066 2580 a·
1083 2539 1281 2585 Laortts-

301 2600 352 2630 aa
369 2612 384 2633 ‚
400 2591 740 2642 quemadmodum
753 2594 876 2634 etiam
894 2605 966 2645 pro
983 2594 1198 2640 Beatorum
1215 2600 1282 2644 Fi-

300 2644 406 2688 delis
420 2648 444 2691 a
457 2647 730 2705 Sigmaringa,
746 2649 914 2694 Camilli
927 2650 979 2693 de
995 2652 1149 2708 Lellis,
1166 2658 1284 2702 Petri

301 2704 523 2761 Regalati‚
548 2708 589 2750 δι
614 2709 847 2753 Catharinn
872 2708 925 2753 de
948 2710 1087 2755 Rieeis
1113 2711 1282 2762 solemni

300 2765 650 2817 canonizatione,
676 2767 892 2824 implorata
916 2770 1026 2825 prius
1043 2772 1283 2821 Coelellium

300 2823 546 2880 Spirituum,
570 2827 612 2869 e:
635 2829 873 2872 Saneiorum
886 2831 1067 2876 omnium
1093 2833 1284 2880 interces-

301 2882 410 2926 fione
422 2912 439 2935 ,
463 2894 585 2941 atque
599 2886 789 2930 invocato
805 2886 1023 2944 Paraclyto
1036 2892 1191 2950 Spiritu
1202 2923 1217 2948 ,
1230 2895 1283 2938 ad

301 2941 506 2986 honorem
519 2944 670 2990 SanRat
681 2947 721 2989 δι
739 2946 962 2991 individue
978 2953 1216 3007 Trinitatis,
1229 2954 1283 2998 ad

303 3000 600 3046 exaltationem
628 3004 740 3047 fidei
754 3006 983 3053 Catholicoe
995 3036 1011 3061 ‚
1034 3013 1074 3055 δι
1088 3011 1284 3058 Chriliia-

302 3071 359 3101 nae
378 3059 604 3117 Religionis
630 3075 891 3120 augmentum
907 3096 920 3116 ,
948 3083 996 3112 aa
1018 3070 1071 3115 de
1097 3073 1281 3118 conaefla

299 3118 518 3163 humilitati
566 3122 719 3166 Nostra
752 3124 987 3180 Apostolicoe
1029 3131 1279 3176 auctoritatis

300 3175 571 3234 plenitudine,
585 3179 710 3238 ipsum
726 3183 1181 3244 annumerat-nun,
1195 3192 1281 3236 Or·

299 3234 408 3279 dinis
434 3238 639 3284 Minorum
659 3243 960 3298 Capueinorum
987 3248 1251 3295 Sacerdotem
1267 3278 1281 3304 ,

299 3293 482 3362 omnium
494 3298 810 3344 Christianarum
824 3303 1025 3349 virtutum
1040 3308 1181 3358 laude,
1196 3309 1283 3366 plu·

300 3367 583 3414 rimorumque
613 3358 905 3406 miraculorum
932 3364 1060 3421 gloria
1077 3395 1090 3417 ‚
1120 3378 1284 3414 maturo

300 3412 483 3467 Nostro,
507 3415 549 3458 δι
572 3416 813 3463 adstantium
837 3422 1027 3467 Fratrum
1045 3426 1285 3471 Nostrorum

301 3470 456 3529 judicio
477 3475 855 3536 consummatum,
886 3484 964 3528 uni
989 3499 1082 3528 eum
1112 3485 1286 3543 proesatis

301 3530 433 3576 fideli
447 3560 461 3585 ,
476 3535 658 3580 Camillo
671 3564 686 3588 ,
702 3538 825 3583 Petro
836 3569 851 3594 ‚
866 3540 907 3584 δι
920 3544 1142 3589 catharina
1155 3572 1171 3596 ‚
1187 3546 1285 3590 Satt-

300 3592 406 3655 eium
433 3591 509 3637 esse
535 3596 787 3641 decrevimus
800 3623 815 3649 ‚
852 3600 893 3642 Gt
919 3600 1177 3649 delinivimus
1193 3635 1208 3658 ‚
1237 3618 1283 3650 ae

302 3648 533 3698 sanctorum
558 3655 764 3712 Catalogo
788 3655 1088 3717 adscripsimus,
1118 3663 1214 3718 ejus
1235 3678 1284 3708 ue

304 3716 537 3779 memoriam
551 3740 565 3763 ‚
595 3728 713 3783 quam
729 3717 768 3758 in
788 3714 1023 3775 subsequuta
1040 3721 1158 3767 Mitr-
1169 3737 1219 3767 ce
1237 3736 1282 3767 e·

303 3766 488 3814 battone
504 3775 588 3814 Not
605 3775 672 3827 tpst
690 3774 919 3821 solemniter
933 3783 1116 3826 venerati
1133 3781 1283 3837 sumus,

303 3823 354 3864 ab
380 3829 560 3873 universa
580 3832 757 3877 Ecclctia
784 3839 1000 3893 quotannis
1024 3842 1091 3885 die
1115 3855 1174 3885 tv.
1208 3844 1282 3886 Fe-

1064 204 1582 292 Monumenta

1365 354 1514 394 bruarii
1545 349 1734 407 religiose
1759 350 1841 393 coli
1858 348 2141 392 mandavimus
2151 361 2167 401 3
2197 348 2238 390 in
2262 348 2352 389 Nos

1362 414 1471 453 mine
1499 413 1632 454 Patris
1648 440 1662 463 ,
1694 411 1734 451 δι
1765 410 1887 459 Filii,
1918 410 1958 451 δι
1986 406 2157 463 Spiritus
2183 407 2317 449 Sanfi'ti
2339 433 2354 445 .

1360 471 1559 513 Omnibus
1591 483 1758 527 quoque
1778 467 2118 514 christifidelibus
2148 466 2198 506 ad
2230 475 2352 508 tantae

1360 527 1626 572 solemnitatis
1641 530 1928 574 celebritatem
1943 524 2203 590 congregat-is
2215 551 2230 574 ‚
2255 523 2351 566 Ple-

1356 588 1536 641 nariam,
1564 590 1625 631 his
1647 589 1775 638 verb,
1801 590 1869 645 qui
1896 586 2056 644 lingulis
2082 596 2192 625 annis
2208 608 2222 630 a
2248 595 2354 637 prae-

1357 647 1463 689 dieta
1489 647 1585 701 die,
1610 649 1660 691 ad
1676 647 1854 703 ejusdem
1884 646 2017 690 Sanfii
2036 646 2203 698 Corpus
2220 652 2352 683 vene-

1356 705 1531 747 randum
1546 706 1787 751 acceffiffent
1798 738 1815 760 ‚
1840 706 1989 762 septem
2002 715 2201 746 annorum
2227 701 2266 741 &
2282 709 2351 742 to·

1354 763 1484 806 tidem
1500 765 1849 823 quadragenarum
1866 763 2168 820 Indulgentiam
2180 787 2195 810 ,
2207 761 2248 827 in
2265 755 2352 800 sor·

1350 834 1416 862 ma
1435 823 1624 867 Eccleliae
1638 826 1827 869 consueta
1838 855 1853 879 ,
1867 821 2188 868 misericorditer
2204 833 2244 861 tn
2258 820 2347 860 Do-

1350 879 1463 920 mino
1483 879 1618 936 largiti
1638 882 1787 926 suimus
1805 914 1817 926 .

1476 938 1693 983 Gaudeaut
1723 942 1846 997 igitur
1873 942 1915 984 in
1942 941 2118 985 Domino
2144 933 2338 982 universae

1351 991 1511 1036 familiae
1540 1000 1751 1052 gentium,
1777 1001 1818 1041 δι
1832 1001 1874 1043 in
1891 1003 2057 1043 vocibus
2077 997 2342 1042 exultationis

1348 1051 1524 1109 jubilent
1543 1058 1664 1107 Deo,
1691 1057 1762 1112 qui
1778 1060 2000 1102 Ecclesiam
2017 1061 2125 1100 suam
2148 1065 2347 1112 perpetua

1348 1110 1614 1156 miseratione
1630 1113 1885 1168 custodiens,
1913 1118 2110 1171 praeelaris
2133 1129 2222 1157 eam
2243 1119 2346 1158 San-

1349 1173 1508 1213 &orum
1525 1172 1724 1228 exemplis
1740 1174 1925 1228 quotidie
1944 1174 2132 1216 instruere
2151 1200 2168 1223 ‚
2190 1172 2346 1215 meritis

1349 1240 1472 1286 atque
1486 1231 1676 1286 praefidiis
1691 1234 1896 1275 roborare
1915 1245 1995 1275 non
2013 1230 2175 1283 defiui13
2188 1241 2250 1277 ut,
2261 1233 2350 1286 qui·-

1348 1290 1424 1333 bus
1447 1303 1520 1345 per
1536 1292 1684 1334 Filium
1703 1290 1818 1335 suum
1852 1289 2087 1334 sanetiffima
2104 1290 2195 1331 vitae
2219 1287 2352 1331 docu-

1351 1358 1485 1393 menta
1517 1352 1689 1394 tradidit
1716 1380 1730 1403 2
1763 1349 2124 1409 ampliffimamque
2156 1347 2349 1391 Coelestis

1348 1409 1483 1464 Regni
1498 1410 1775 1454 haereditatem
1793 1409 1994 1468 promifit,
2005 1410 2077 1453 iisd
2085 1422 2148 1452 em
2164 1421 2237 1465 per
2246 1407 2343 1449 San.
2356 1434 2361 1440 -

1348 1470 1435 1511 &os
1450 1467 1538 1512 suos
1554 1498 1568 1522 ,
1590 1483 1694 1513 nova
1708 1470 1758 1512 ad
1781 1468 2027 1522 currendam
2050 1469 2186 1512 salutis
2202 1467 2345 1510 viam

1348 1527 1613 1572 incitamenta
1625 1556 1639 1579 ‚
1663 1543 1811 1573 novam
1825 1529 1977 1586 semper
1989 1526 2241 1584 attingendae
2258 1534 2346 1571 me-

1348 1597 1397 1630 tat
1414 1585 1602 1630 fiduciam
1625 1590 1828 1644 praebeat3
1865 1587 1952 1645 ipso
1967 1586 2186 1645 adjuvante
2210 1582 2347 1641 &do-3

1346 1656 1468 1689 nante
1479 1676 1495 1698 ,
1510 1649 1579 1702 qui
1599 1650 1640 1690 δι
1653 1647 1803 1706 justitia
1816 1675 1831 1698 ‚
1862 1650 1900 1691 &
1918 1645 2186 1691 sanctificatio
2198 1643 2345 1695 ,acre-

1345 1705 1530 1761 demptio
1546 1706 1722 1762 Nostra3
1753 1708 1823 1764 qui
1847 1721 1940 1749 cum
1965 1709 2110 1756 Patre,
2137 1703 2342 1761 &Spiritu

1348 1768 1497 1809 saneto
1511 1766 1613 1808 vivit
1638 1768 1679 1810 δι
1693 1777 1834 1823 regnat
1859 1766 1899 1809 in
1912 1765 2053 1809 secula
2073 1763 2309 1808 seculorum
2323 1789 2338 1805 .

1470 1827 1529 1868 Ut
1544 1835 1678 1870 autem
1707 1823 1895 1883 praemilia
1907 1826 2043 1869 omnia
2071 1824 2124 1867 ad
2140 1821 2339 1866 universe

1350 1894 1423 1938 per
1433 1884 1588 1927 Orbem
1606 1884 1793 1928 Ecclefiae
1821 1885 2012 1927 notitiam
2038 1882 2340 1936 perducantur,

1350 1955 1574 2000 eorumque
1586 1945 1788 1986 memoria
1801 1942 2010 1999 perpetuis
2025 1940 2167 1982 futuris
2182 1949 2344 1996 tempo-

1350 2003 1458 2047 ribus
1473 2032 1487 2055 ,
1520 2001 1569 2046 ad
1588 2005 1667 2045 Dei
1683 2002 1885 2058 gloriam,
1914 2002 1955 2043 8ι
1973 1999 2173 2044 Fidelium
2203 1997 2346 2042 erudi·

1350 2065 1504 2106 tionem
1517 2092 1532 2116 ,
1547 2060 1781 2106 indeficiens
1796 2063 2054 2120 perseveret;
2075 2062 2164 2102 Nos
2179 2070 2340 2114 eaprae-

1346 2124 1525 2167 sentibus
1542 2121 1784 2179 Apostolicis
1805 2121 1976 2166 Litteris
1990 2117 2260 2175 comptem&
2275 2129 2341 2160 ro-

1344 2183 1492 2226 borare
1506 2182 1728 2237 voluimus3
1744 2180 1999 2232 mandantes,
2011 2188 2058 2222 ut
2072 2179 2214 2221 harum
2227 2185 2342 2221 trans

1344 2241 1510 2297 sumptis
1524 2271 1539 2294 ‚
1556 2241 1635 2286 live
1649 2240 1844 2299 exemplis
1857 2270 1871 2294 ‚
1885 2239 2006 2284 etiam
2020 2234 2209 2305 imprellis
2222 2264 2239 2288 ‚
2252 2246 2345 2288 uta-s

1346 2316 1399 2345 nu
1415 2300 1587 2358 alicujus
1603 2301 1768 2346 Notarii
1785 2300 1936 2359 publici
1952 2295 2180 2353 subscriptis
2194 2321 2207 2344 ‚
2226 2295 2270 2337 δι
2285 2295 2338 2338 sse

1344 2361 1448 2416 gillo
1463 2358 1639 2415 personis
1667 2363 1706 2403 in
1724 2357 2001 2404 Ecclefiastiea
2017 2355 2219 2412 dignitate
2229 2365 2339 2395 eon-

1343 2420 1486 2464 llitutoe
1501 2419 1671 2462 munitis
1689 2444 1702 2466 ,
1727 2416 1869 2460 eadem
1885 2415 1936 2459 ab
1949 2413 2135 2457 omnibus
2150 2409 2249 2455 fides
2262 2411 2337 2454 had

1341 2478 1513 2530 beatur,
1538 2490 1625 2535 quoe
1641 2475 1730 2535 ipfis
1760 2473 2021 2535 presentibus
2046 2470 2333 2524 adhiberetur,

1342 2537 1368 2581 st
1388 2534 1413 2580 s
1509 2545 1529 2581 t
1543 2538 1733 2582 exhibitae
1746 2563 1762 2587 ‚
1792 2533 1859 2579 vet
1876 2533 2034 2579 ossensoe
2048 2561 2061 2572 ·

1456 2608 1458 2613 ·
1504 2594 1579 2639 ulli
1595 2609 1694 2652 ergo
1705 2593 1874 2637 omnino
1888 2590 2096 2635 hominum
2118 2588 2240 2633 liceat
2263 2599 2336 2645 pa-·

1344 2657 1480 2713 ginam
1497 2655 1598 2699 hanc
1614 2652 1753 2698 nostre
1769 2650 2042 2702 diffinitionis,
2059 2647 2214 2693 decreti
2229 2666 2244 2700 ‚-
2259 2645 2334 2691 ad-

1344 2713 1574 2771 scriptionis
1587 2741 1602 2765 ‚
1617 2711 1828 2763 mandati,
1856 2710 2021 2762 statuti,
2047 2705 2303 2751 relaxationis
2317 2731 2336 2756 2

1343 2776 1384 2818 δι
1399 2771 1624 2819 voluntatis
1639 2770 1862 2829 infringere
1876 2798 1891 2823 ,
1915 2767 1979 2813 vel
1993 2767 2032 2812 ei
2045 2765 2140 2810 ausu
2155 2776 2334 2809 temera-

1344 2835 1409 2878 rio
1422 2834 1631 2879 contraire
1645 2861 1660 2875 .
1693 2832 1734 2876 si
1756 2832 1844 2888 quis
1867 2838 2002 2873 autem
2028 2826 2107 2869 hoc
2123 2832 2336 2868 attentare

1343 2893 1631 2953 presumpserit
1647 2924 1662 2948 ,
1689 2889 2010 2948 indignationem
2022 2884 2331 2941 Omnipotentia

1345 2954 1421 2998 Dei
1436 2984 1453 3008 ,
1480 2969 1528 3000 ae
1542 2956 1762 3000 Beatorum
1778 2947 1886 2994 Petri
1910 2949 1952 2992 ει
1979 2944 2095 2991 Pauli
2115 2940 2327 3002 Apostolo-

1342 3027 1432 3057 rum
1445 3011 1588 3068 eius‘le
1602 3010 1764 3058 noverit
1780 3006 2031 3053 incursurum
2041 3030 2053 3046 ·

1458 3076 1612 3119 Datum
1628 3074 1770 3117 Roma
1797 3066 1904 3125 apud
1920 3067 2105 3112 sancium
2124 3064 2332 3107 Petrum..-

1340 3135 1463 3179 Anno
1476 3130 1767 3177 iucarnationis
1787 3126 2008 3172 Dominicae
2033 3121 2246 3167 millelimo
2271 3117 2334 3164 rse-

1343 3191 1652 3250 ptingentelimo
1682 3183 1992 3250 quadragelimo
2026 3180 2142 3226 sexto
2155 3207 2171 3232 2
2203 3180 2338 3225 tertio

1344 3251 1545 3298 Kalendas
1569 3250 1666 3310 Julii
1688 3279 1704 3304 ‚
1737 3241 2001 3295 pontificatus
2027 3240 2170 3288 Nostri
2203 3241 2331 3284 Anno

1344 3314 1471 3358 sexto
1485 3343 1497 3358 .

1675 3372 1753 3454 ›1‹
1803 3371 1940 3457 Ego
1967 3333 2331 3434 Beni-ictinus

1755 3455 2099 3528 Catholicae
2119 3449 2331 3530 Eccle,

1757 3552 1852 3621 fite
1870 3543 2220 3639 Episcopus
2239 3592 2255 3609 .

1345 3710 1733 3771 Cumsbbstrlpmne
1749 3699 1877 3749 Βαίου·
1892 3698 1996 3741 DD.
2011 3694 2224 3741 cardinal.
2238 3693 2326 3749 &a

1408 3838 1576 3896 saempt.
1595 3831 1751 3891 imprefi
1765 3833 1810 3875 ln
1825 3830 1947 3876 Areh·
1965 3829 2152 3873 Generall
2167 3824 2269 3932 0¹3·ss
