2508 4218
1014 172 1472 292 eApostolica
1489 240 1505 259 .

235 332 441 375 inurerent
463 350 478 373 2
521 324 560 366 in
592 320 733 379 vulgus
764 318 1062 363 disseminarent
1088 345 1104 367 ,
1134 321 1223 362 Vos

233 385 346 434 nulla
368 383 460 427 duci
478 380 674 436 religione
690 384 728 423 in
748 394 839 422 eum
857 382 1044 422 sanetum
1059 404 1074 426 ‚
1103 376 1218 432 cujus

234 445 453 499 Imaginem
468 438 668 482 fidelium
687 438 941 482 venerationi
969 436 1188 479 subducitis
1207 450 1221 478 ε

235 505 345 549 Illud
363 499 487 544 Vobis
507 498 756 555 praecipimus
770 525 784 548 ‚
810 506 853 538 ut
868 495 987 538 nullo
1003 495 1127 538 modo
1150 508 1221 551 pa-

233 561 387 608 tiamini
410 572 494 601 rem
522 558 703 600 Divinam
720 555 806 598 fieri
823 553 877 598 ad
903 554 1129 610 hujusmodi
1144 552 1220 596 Al-

234 621 336 666 taria
350 647 365 671 ‚
391 617 460 661 nisi
479 614 707 660 Crucifixus
724 616 834 657 inter
851 612 1103 655 Candelabra
1127 612 1216 656 ita„

231 681 455 739 promineat
470 707 486 728 ‚
514 684 557 718 ut
580 673 776 717 Sacerdos
802 670 1012 716 celebrans
1028 698 1042 720 ‚
1067 685 1113 712 ac
1140 672 1219 713 Po-

235 739 351 796 pulus
364 733 572 781 Sacrificio
587 732 756 776 assistens
771 730 944 774 eundem
960 728 1214 774 Crucifixum

231 797 381 847 facile,
410 796 451 838 &
475 792 692 838 commode
722 790 867 835 intueri
896 787 1071 844 poffint;
1104 787 1214 844 quod

230 856 397 902 evenire
411 853 576 910 nequit,
603 850 628 893 fi
641 851 784 906 exigua
805 847 932 892 solum
949 850 1067 891 Crux
1085 848 1216 889 mino-

231 915 268 960 ri
294 912 457 958 Tabulae
489 909 615 955 defixa
644 909 847 953 fidelibus
877 906 1140 950 exhibeatur.
1173 906 1214 950 si

231 970 425 1031 ejusmodi
437 968 668 1025 corruptela
694 970 733 1012 in
760 965 976 1011 Dioecefim
995 980 1076 1009 non
1096 964 1215 1009 valde

228 1036 450 1092 propagata
464 1027 519 1071 est
535 1057 548 1080 ,
562 1026 681 1071 facile
695 1027 875 1082 extingui
889 1026 1042 1081 poterit
1056 1053 1071 1077 ,
1097 1023 1121 1066 fi
1137 1024 1218 1081 pri·

229 1090 362 1135 vatim-
372 1087 591 1144 Regulares
602 1113 616 1134 a
630 1098 700 1130 aut
716 1086 934 1129 Sarculares
948 1083 1215 1126 Ecclcfierum

229 1149 467 1206 Superiores
479 1145 531 1188 de
547 1146 621 1188 hac
636 1161 678 1189 re
698 1154 964 1188 moneantur:
996 1143 1064 1186 Sin
1080 1152 1219 1184 autem

237 1210 320 1253 late
336 1220 409 1264 per
425 1206 644 1250 Dioecefim
668 1203 885 1248 invaluerit
900 1227 916 1252 ,
940 1208 1038 1244 tunc
1053 1201 1076 1243 ὁ
1093 1200 1227 1244 Vobis¹

1285 320 1476 362 Edietum
1520 318 1740 364 necefl‘ario
1782 330 2114 382 promulgandum
2145 346 2226 388 erit
2262 350 2274 359 '

1281 379 1394 433 quod
1413 379 1476 422 his
1491 379 1631 422 nostris
1649 381 1796 423 Literis
1811 386 2124 434 conformetur.
2152 375 2272 446 Fini-3

1281 437 1460 479 scribere
1485 438 1610 479 Vobis
1640 442 1988 493 praetermittimus
2006 474 2022 498 ‚
2051 463 2149 503 quos
2179 468 2275 508 pru-

1281 495 1455 546 dentiae‚
1486 509 1530 537 ac
1553 495 1744 539 doetrinae
1770 500 1892 543 laude
1923 501 2015 544 satis
2051 508 2273 560 praestantes

1280 554 1547 597 existimamus
1560 584 1571 594 .
1595 557 1890 602 Auctoritatem
1907 562 2108 616 nostram,
2128 578 2273 613 utrem

1278 610 1493 669 perficiatis
1504 641 1518 665 ,
1532 615 1589 666 δι,
1606 617 1766 670 quoties
1780 631 1880 673 opus
1898 616 2018 662 fuerit
2032 646 2047 670 2
2065 625 2190 666 Vobis
2207 641 2274 682 pc-

1278 670 1462 714 tentibus
1492 686 1695 729 nunquam
1710 674 1938 719 defuturam
1956 692 2030 734 pro
2059 692 2175 724 certo
2204 686 2275 726 ha-

1278 730 1431 772 beatis.
1466 733 1636 773 Interim
1661 735 2004 780 fraternitatibus
2020 740 2171 782 Vestris
2187 769 2201 792 ‚
2233 746 2272 788 δε

1277 790 1441 844 Populis
1459 803 1558 833 curae
1588 790 1722 835 vestrae
1746 796 2041 839 commendatis
2063 801 2273 853 Apostoli·

1276 861 1364 891 cam
1381 850 1707 896 benedictionem
1721 865 1977 908 peramanter
1990 857 2264 915 impertimur.

1351 964 1360 974 ⁸
1392 909 1541 950 Datum
1561 910 1702 953 Rome
1726 912 1830 967 apud
1857 917 2035 957 sannam
2062 918 2262 965 Mariam...

1275 969 1474 1022 Maiorem
1495 966 1563 1010 die
1582 982 1675 1011 xvi.
1696 970 1793 1026 Julii
1822 987 2088 1020 unccxtvt.
2116 978 2263 1020 Ponti-

1278 1024 1419 1069 ficatiis
1434 1026 1569 1070 Nostri
1586 1031 1704 1071 Anno
1719 1028 1830 1073 sexto
1842 1060 1855 1073 .

1415 1147 1481 1258 E}
1507 1147 1685 1189 Bullario
1713 1148 1825 1206 hujus
1861 1152 2054 1211 Ponttfi'ct'r
2089 1163 2192 1197 tom
2225 1169 2266 1200 a.

1481 1217 1544 1260 ag·
1569 1218 1654 1260 ¹²3·

1300 1355 2260 1374 ————-——*—————

229 1458 2260 1605 MONUM'ENTA

627 1692 1198 1776 APOST

1258 1694 1870 1780 OLICA.

237 1844 241 1854 i
298 1868 586 1938 Resoluer’ones
598 1902 616 1927 ,
647 1867 831 1918 Decreta
844 1902 860 1926 ,
880 1874 974 1918 &c.
996 1866 1255 1934 potiffimrim
1282 1870 1308 1917 ἃ
1336 1867 1431 1918 sac.
1451 1869 1552 1922 Rit.
1569 1870 1892 1942 Congo-egeriam
1911 1886 1992 1940 pro
2019 1872 2182 1925 Ordine

802 1938 841 1989 F
844 1938 897 1989 F.
924 1938 1222 2006 Capacinorum
1246 1938 1442 2007 specf‘ftb
1465 1957 1679 1993 emanata.

227 2083 366 2133 Sacra
386 2081 598 2148 Corpora
633 2075 764 2145 super
803 2076 962 2125 Altare
995 2074 1022 2122 ὲ
1055 2076 1206 2140 Capu-

293 2149 405 2199 cinis
436 2150 634 2216 Neapoli
661 2148 815 2209 reponi
846 2142 1073 2189 inhibetur
1100 2176 1117 2198 ,
1154 2140 1203 2192 ὅ(

226 2234 227 2238 ’
290 2219 456 2270 modus
472 2233 522 2262 ea
549 2209 792 2280 reponendi
813 2206 1122 2278 prescribitur
1138 2246 1153 2260 .

366 2362 469 2409 Ullo
486 2362 610 2407 modo
626 2363 821 2420 probatur
851 2361 981 2404 Saerae
1012 2363 1200 2418 Congre-

386 2423 551 2479 gagioni,
565 2432 609 2465 ut
634 2425 776 2466 saneta
792 2425 979 2478 Corpora
1001 2435 1200 2477 reponan-

216 2494 287 2531 tur
313 2485 353 2527 in
369 2485 479 2525 Arca
510 2480 753 2537 Crystallina
766 2509 781 2532 ‚
811 2481 1051 2534 exponenda
1084 2481 1199 2534 super

218 2543 380 2593 Altae,
391 2540 737 2600 quemadmodum
759 2539 947 2583 scribitur
964 2542 1099 2584 Patres
1113 2541 1195 2582 Ca·

220 2603 392 2661 puciuos
418 2599 627 2645 intendere
638 2628 653 2652 ,
665 2614 756 2643 cum
772 2597 812 2640 id
828 2600 848 2641 i
864 2600 962 2649 ritu,
975 2603 1015 2644 δι
1028 2598 1097 2649 usu
1112 2601 1195 2643 Ec-

215 2663 345 2706 clesioe
358 2660 534 2704 alienum
551 2657 612 2708 iit,
624 2673 711 2716 quae
724 2657 823 2701 solet
838 2658 1075 2701 Sanctorum
1088 2661 1199 2703 Cor-

215 2734 318 2781 pora
334 2730 473 2763 tenere
490 2717 560 2761 sub
576 2729 686 2762 terra
706 2746 721 2771 ,
741 2717 803 2761 vel
817 2717 924 2760 intra
938 2717 1092 2761 Altaria
1107 2745 1122 2768 ‚
1136 2716 1195 2761 su.

215 2794 289 2838 pra
320 2791 405 2836 qua:
435 2778 694 2821 tremendum
721 2774 970 2820 Sacrificium
1002 2774 1195 2820 offertur.

215 2837 394 2883 Proinde
415 2836 640 2880 faciendum
653 2836 732 2879 erit
762 2836 977 2893 pulchrum
991 2836 1196 2881 Altare-..n

217 2909 484 2940 marmoreum
500 2923 515 2947 ,
528 2892 634 2938 intra
650 2895 760 2951 quod
774 2894 885 2952 prius
899 2895 977 2938 rite
990 2894 1198 2938 consecra-

215 2965 302 2999 tum
326 2956 448 2997 Sacra
463 2957 652 3008 Corpora
669 2963 917 3008 reponantur
934 2981 950 3004 ,
965 2951 1015 2996 fic
1028 2980 1043 3002 s
1059 2961 1104 2996 ut
1126 2953 1196 2996 illa

215 3014 467 3058 collocentur
506 3010 719 3054 distinctim
762 3011 866 3054 intra
910 3021 995 3054 tres
1038 3012 1196 3055 arculas

213 3070 423 3132 plumbeas
440 3099 455 3122 ,
490 3068 543 3112 fin
570 3071 667 3114 vero
677 3070 799 3114 aliter
815 3070 996 3114 videatur
1009 3099 1023 3122 ,
1052 3072 1197 3115 intra..-

214 3145 333 3178 unam
351 3157 366 3181 ,
383 3129 595 3184 separatim
616 3138 745 3174 tamen
769 3145 840 3188 per
859 3130 1087 3174 intervalla.
1107 3128 1195 3185 Ipsa

210 3202 342 3235 autem
357 3188 617 3231 involvantur
630 3188 764 3232 sericis
777 3189 914 3246 pannis
927 3189 1075 3231 coloris
1089 3202 1188 3230 con-

208 3248 405 3294 venientis
420 3246 568 3290 Ordini
586 3261 728 3291 eurum
741 3275 756 3299 ,
773 3259 868 3303 puta
883 3245 1183 3299 Confessorum,

209 3310 278 3353 vel
293 3312 545 3362 Martyrum:
561 3313 684 3362 atque
695 3306 801 3348 intra
816 3305 988 3349 eandem
1001 3306 1153 3358 capsam
1170 3333 1187 3355 ‚

210 3367 276 3411 seu
296 3365 429 3423 capsas
454 3363 785 3422 ponaturlamina
804 3375 908 3406 aenea
919 3377 1014 3406 cum
1041 3359 1188 3405 litteris

211 3429 312 3470 bene
326 3425 489 3481 sculptis
508 3422 723 3465 continens
748 3423 986 3463 Sanctorum
1007 3422 1189 3472 nomina,

208 3486 250 3526 δι
267 3495 449 3540 tempuS,
464 3482 666 3538 quoisthic
699 3477 860 3524 fuerunt
883 3480 1077 3522 collocati
1095 3507 1110 3529 ,
1141 3494 1188 3522 ac

208 3542 397 3586 notitiam
414 3542 524 3592 loci,
536 3555 585 3583 ex
601 3554 682 3595 quo
696 3539 877 3582 translati
903 3536 1068 3581 fuerunt
1080 3567 1091 3578 .
1109 3540 1184 3580 Fa-

209 3599 352 3646 cienda
365 3609 553 3654 praererea
566 3601 644 3643 erit
664 3598 818 3641 Tabula
835 3607 1057 3639 marmorea
1068 3624 1083 3646 ‚
1115 3597 1181 3639 vel

209 3673 313 3703 aenea
327 3684 341 3706 a
354 3656 502 3699 &10co
529 3658 710 3701 Ecclesia
724 3656 939 3712 conspicuo
958 3653 1181 3708 affigenda,

209 3731 280 3774 per
309 3729 430 3772 quam
460 3717 615 3759 constet
630 3746 646 3766 ,
676 3717 786 3758 intra
815 3713 1010 3769 ejusmodi
1042 3711 1180 3755 Altare

207 3775 283 3819 effe
298 3781 459 3828 Corpus
475 3801 489 3822 ‚
520 3773 583 3816 vel
597 3777 783 3832 Corpora
814 3773 989 3831 ejusdem
1015 3771 1176 3821 Sancti,

325 3835 428 3876 Tom.
467 3834 547 3876 VII.

1268 2074 1330 2116 vel
1346 2077 1582 2119 Sanctorum
1599 2104 1613 2126 ‚
1626 2078 1695 2130 qui
1720 2078 1819 2123 illuc
1842 2081 2157 2136 transferentur,
2170 2085 2249 2129 add

1264 2132 1356 2181 dito
1367 2133 1551 2187 expresse
1567 2134 1606 2175 id
1623 2133 1770 2177 iactum
1783 2138 1836 2178 de
1851 2138 2014 2181 licentia
2030 2146 2119 2182 Suae
2143 2147 2247 2185 Sani

1264 2190 1440 2232 (litatis.
1472 2194 1671 2235 poterunt
1702 2204 1841 2236 autem
1856 2210 1929 2251 per
1945 2198 2085 2240 Patres
2109 2200 2252 2257 aliquae

1263 2248 1543 2305 Reliquiarum
1577 2265 1657 2294 non
1689 2253 1911 2298 admodum
1931 2256 2104 2311 grandes
2120 2261 2253 2304 reser-

1264 2309 1380 2358 vari,
1401 2318 1446 2353 ut
1463 2310 1707 2354 hierothecis
1721 2312 1961 2358 decentibus
1989 2316 2153 2361 inclusae
2176 2321 2254 2365 in..

1261 2367 1501 2433 eorumdem
1519 2373 1753 2413 sanctorum
1773 2374 1909 2426 Pestis,
1923 2374 2089 2431 aliisque
2103 2377 2250 2423 folem-

1261 2427 1457 2470 nitatibus
1496 2429 1658 2485 Populo
1683 2433 1796 2488 supra
1829 2434 1975 2476 Altare
2010 2438 2249 2481 veneranda:

1259 2497 1519 2542 exponantur
1534 2516 1546 2529 .
1566 2493 1631 2532 110
1635 2487 1731 2547 fnit
1761 2490 1977 2547 responaens
2006 2506 2160 2538 nomme
2179 2501 2250 2548 sa.

1258 2558 1336 2588 cre
1361 2550 1677 2603 congregauonis
1703 2554 1865 2594 Rituum
1888 2553 1916 2594 d
1934 2552 2140 2597 Cardrnala·
2158 2558 2246 2598 Ru-

1247 2604 1438 2661 sticucct'o
1467 2620 1567 2650 anno
1596 2620 1714 2664 ¹59²·
1743 2612 1897 2654 cuidam
1920 2611 2108 2670 petitione·
2135 2615 2243 2669 apud

1258 2665 1415 2706 eandem
1433 2669 1779 2721 congregationem
1785 2668 1913 2725 fbHae
1926 2673 1954 2714 a*
1967 2669 2153 2714 Patribus
2166 2675 2237 2714 Ca-

1251 2722 1404 2778 pucim‘r
1436 2723 1622 2766 Civitatis
1644 2728 1935 2778 Neapolitana·-

1374 2785 1432 2824 Ex
1461 2785 1635 2824 Eunu-n.
1654 2782 1903 2826 Lamberte'n?
1913 2811 1928 2834 ,
1948 2796 2051 2824 nunc
2076 2786 2238 2827 Benedi-

1256 2839 1309 2882 ffl
1326 2842 1428 2885 XIV.
1456 2840 1502 2883 de
1527 2842 1709 2885 canonic.
1739 2841 1810 2884 lib.
1824 2855 1867 2898 4.
1874 2851 1997 2899 part.
2014 2855 2053 2886 2.
2067 2852 2150 2900 cap.
2166 2855 2234 2895 25.

1257 2912 1364 2943 num.
1386 2910 1428 2952 3.

1474 3029 2035 3098 NOTA.

1253 3186 1356 3297 T
1371 3187 1445 3230 Ria
1467 3191 1589 3232 Sacra
1610 3193 1799 3247 Corpora
1827 3218 1842 3242 ‚
1873 3205 2043 3249 quorum
2077 3195 2227 3236 Decre-

1388 3258 1474 3292 tum
1491 3249 1680 3292 meminit
1693 3280 1708 3302 ,
1723 3250 1862 3302 fuere,
1876 3254 1915 3294 δι
1942 3247 2032 3292 sunt
2057 3254 2126 3294 SS.
2145 3253 2223 3293 Eu-

1247 3302 1396 3357 phebii,
1412 3309 1647 3358 Fortunati,
1659 3310 1699 3351 8ι
1713 3309 1892 3362 Maximi,
1906 3309 2097 3351 Civitatis
2116 3312 2225 3352 Nea·

1249 3363 1437 3416 politanae
1457 3364 1746 3422 Episcoporum
1761 3394 1776 3416 ,
1793 3375 1910 3423 prout
1926 3366 2055 3409 refert
2075 3366 2220 3410 Caval.

1247 3429 1341 3464 tom.
1351 3441 1364 3467 1
1377 3454 1388 3465 .
1406 3430 1615 3468 Commeat.
1630 3429 1673 3466 in
1698 3429 1916 3481 Dempag·
1931 3425 2029 3466 mihi
2043 3439 2139 3480 443.

1366 3483 1580 3525 postremis
1600 3493 1733 3524 autem
1751 3482 1857 3524 hisce
1885 3484 2131 3539 temporibus
2151 3482 2228 3526 fuit

1248 3538 1474 3581 Decretum
1495 3567 1510 3588 ,
1542 3540 1610 3584 seu
1634 3540 1767 3594 potius
1797 3540 1971 3594 Epistola
1991 3541 2223 3585 Cardinalis

1240 3597 1483 3639 Rusticuccii
1506 3599 1670 3640 nomine
1697 3598 1738 3637 &
1758 3596 1853 3652 juffu
1879 3602 1968 3643 Sac.
1985 3604 2224 3657 congrega·-

1239 3655 1360 3701 tionis
1383 3661 1558 3706 exarata,
1571 3653 1811 3701 confirmata
1832 3658 2037 3700 occafione
2058 3686 2074 3709 ‚
2103 3671 2214 3715 qua...

1238 3711 1407 3755 facultas
1432 3715 1592 3768 Corpus
1619 3713 1729 3755 Beati
1747 3715 1911 3770 Joannis
1936 3718 2216 3772 Nepomuceni

1239 3773 1363 3814 Mart.
1394 3770 1510 3828 super
1540 3770 1685 3815 Altare
1717 3772 1944 3818 collocandi
1962 3774 2038 3818 fuit
2058 3776 2185 3830 petita
2196 3805 2215 3828 ‚

1716 3830 1755 3870 C
1937 3834 1976 3875 δι
1991 3835 2030 3876 S.
2045 3838 2160 3878 Con—
