2496 4172
965 118 1440 237 Apostolica..
1472 194 1474 196 .

213 268 440 321 leviterque
466 279 517 307 ex
540 267 680 310 eorum
699 267 859 310 animis·
878 266 1020 312 divelli
1037 263 1177 322 poffit,

214 340 318 370 neve
332 321 555 378 hujusmodi
570 326 635 369 lex
646 355 663 378 ,
683 339 766 381 quar
781 325 1174 369 sacramentalium,

214 386 324 428 usum
341 383 570 440 praescribit,
585 386 636 426 ad
649 384 815 427 nimiam
832 386 872 426 in
888 384 1052 441 speciem
1070 385 1176 426 seve-

212 445 372 486 ritatem
394 443 531 484 exae'ta
544 467 557 490 2
582 457 648 486 eas
674 441 896 486 adduceere
923 442 1173 484 calamitates

213 501 397 543 videatur
409 526 423 549 ‚
438 514 525 557 quae
542 515 590 543 ex
603 502 675 545 illa
688 525 703 548 ‚
715 509 916 556 tamquam
929 501 953 542 ὲ
970 500 1084 542 fonte
1101 525 1115 548 ‚
1133 499 1174 540 in

211 559 433 608 Ecclefias,
457 570 577 616 atque
601 557 798 602 Miffiones
825 560 1084 602 dimanaturae
1098 558 1175 599 de-

214 619 456 661 nunciantur
469 647 483 669 ,
502 621 588 661 Nos
600 618 794 661 enarratis
809 617 861 660 de
874 617 997 658 caufis
1013 616 1172 672 dispen-

213 677 406 720 sationem
419 705 433 727 ,
461 690 576 729 quam
592 674 852 720 Praedecess‘or
870 675 1014 718 Noster
1031 676 1071 716 in
1090 674 1173 717 Lit-

196 740 307 779 teris
322 735 400 791 jam
416 735 552 776 relatis
563 734 765 782 concellit,
780 735 930 777 iterum
943 733 1172 776 conceden-

210 796 302 836 dam
314 822 328 845 ,
342 793 718 850 prorogandamque
735 792 987 836 decrevimus
1000 793 1042 834 in
1062 790 1171 833 aliud

211 852 445 895 decennium
459 877 473 900 ‚
491 851 600 905 quod
622 853 643 895 a
665 852 731 894 die
750 852 846 895 datae
863 851 1059 907 praesentis
1086 853 1176 892 Νο·

208 910 294 1012 grae
314 906 546 965 Apostolieae
571 911 877 956 constitutionis
898 911 952 952 est
981 909 1176 952 inchoan·

240 981 303 1009 um
317 995 331 1008 .
503 982 507 986 ·

325 1027 388 1068 Ea
401 1039 480 1082 quo
491 1025 550 1070 fas
565 1028 620 1070 est
635 1028 879 1084 intelligere,
895 1040 974 1069 non
987 1040 1077 1069 earn
1086 1024 1176 1072 else,

209 1094 274 1127 aut
290 1081 396 1128 fuiffe
412 1085 582 1128 nostram
596 1115 612 1139 ,
632 1089 680 1130 -&
693 1086 933 1144 Apostolicae
951 1086 1063 1128 Sedis
1090 1084 1175 1126 sen-

209 1143 378 1187 tentiam
394 1170 423 1196 ‚-
438 1144 546 1200 quod
565 1145 715 1193 scilicet
729 1144 864 1188 nullus
892 1142 1174 1200 dispensationi

207 1202 322 1246 locus
335 1199 411 1245 effe
425 1202 543 1260 poffit·
569 1204 610 1246 in
639 1204 864 1260 hujusmodi
877 1202 1091 1246 Sacrorum
1105 1201 1173 1243 Ri-

206 1269 318 1303 tuum
333 1260 402 1312 r&
415 1263 771 1306 sacramentalium
784 1262 975 1312 materia,
1006 1274 1075 1303 nec
1090 1260 1172 1303 ulla

207 1317 458 1373 dispensandi
484 1320 685 1363 neceffiras·
698 1350 714 1372 ‚
744 1329 811 1362 aut
835 1318 1028 1363 sufficiens
1055 1321 1169 1361 causa

203 1376 757 1491 53233325.²}332?÷¹.35÷?12¹22,
767 1381 1169 1493 ,νῗῖἒιῗίξρὲἑὶῗκῗ

203 1492 304 1536 mitti
319 1491 444 1536 valeat
459 1522 472 1546 ‚
489 1495 739 1538 venerabiles
755 1495 857 1539 adeo
873 1496 991 1538 Ritus
1002 1521 1016 1543 ‚
1031 1510 1077 1538 ac
1092 1505 1170 1537 tra-

203 1549 333 1594 ditum
352 1550 373 1591 a
394 1554 581 1596 Patribus
594 1581 610 1604 ,
623 1555 826 1611 sancteque
837 1556 886 1597 ab
906 1553 1078 1597 Eccletia
1092 1554 1169 1597 ser·

203 1616 339 1653 vatum
351 1609 571 1663 huiusmodi
584 1612 944 1657 sacramentalium
959 1615 1088 1664 usum,
1101 1627 1170 1668 pe·

202 1667 310 1712 nitus
327 1667 480 1712 aboleri
499 1683 529 1724 32
544 1670 605 1712 vel
627 1675 768 1713 eorum
790 1671 1073 1727 contemptui,
1103 1679 1173 1711 aut

201 1727 401 1770 erroribus
416 1729 524 1771 circa
547 1730 685 1772 eadem
698 1730 966 1783 inducendis,
1001 1733 1063 1772 vet
1093 1728 1172 1783 jam

202 1785 410 1839 conceptis
418 1786 589 1844 amplius
601 1787 886 1835 confirmandis
898 1787 1171 1841 ,occationem

203 1843 370 1900 proeberi
381 1854 415 1896 32
429 1845 585 1888 idcirco
595 1848 777 1891 omnibus
791 1847 989 1891 dictorum
1008 1849 1172 1903 Regno·

204 1913 295 1945 rum
321 1900 567 1946 Miffionariis
593 1904 769 1949 districte
793 1906 1043 1963 precipimus
1068 1931 1083 1954 ‚
1127 1913 1172 1946 ut

206 1960 279 2002 hac
292 1954 582 2011 dispensatione
605 1963 779 2018 benigna
803 1968 826 2007 a
844 1963 969 2006 Nobis
983 1962 1143 2005 indulta
1162 1991 1176 2013 ,

205 2014 356 2072 nonnifi
373 2019 495 2060 certis
511 2018 549 2060 in
564 2021 784 2075 cafibus,&
800 2035 892 2064 cum
907 2022 1035 2077 gravis
1050 2020 1090 2062 id
1104 2034 1174 2063 ne·

204 2073 360 2119 celsitas
373 2074 583 2132 postulabit
597 2104 612 2128 ,
639 2079 690 2122 de
713 2086 793 2136 q‘uo
808 2079 948 2123 eorum
963 2076 1171 2122 conscien-

207 2135 302 2178 tiam
313 2146 550 2184 oneramus,
568 2146 733 2180 utantur
748 2164 763 2187 ,
791 2151 863 2181 nec
880 2137 948 2180 nisi
968 2139 1010 2178 in
1033 2135 1173 2190 praedi-

203 2194 275 2235 ὀξὶς
286 2192 437 2237 cafibus
452 2193 579 2237 salivae
599 2194 710 2236 usum
726 2194 765 2237 in
780 2194 1171 2242 administratione-,v

202 2248 450 2304 Baptismatis
475 2250 618 2305 poffint
649 2253 842 2294 omittere
865 2279 879 2302 ‚
919 2254 960 2294 Gt
986 2251 1171 2295 occultas

200 2307 394 2352 adbibere
406 2305 685 2352 insufflationes
697 2337 712 2361 ,
739 2310 864 2353 modo
878 2309 932 2362 ii,
965 2310 1033 2366 qui
1047 2309 1086 2352 se
1099 2309 1170 2351 ba-

199 2364 414 2424 ptizandos
423 2364 598 2410 offerunt
612 2391 628 2415 .
657 2368 696 2410 in
711 2381 756 2411 ea
772 2382 852 2411 non
864 2370 938 2411 lint
953 2369 1142 2425 opinione
1155 2397 1171 2420 ,

197 2434 244 2467 ut
258 2424 425 2467 credant
440 2423 599 2469 salivam
610 2453 627 2479 ,
651 2437 772 2484 atque
789 2426 1077 2470 insufflationes
1092 2429 1170 2470 bu-

194 2481 367 2540 iusmodi
382 2485 556 2539 ineptam
568 2483 647 2528 effe
657 2514 674 2540 ,
687 2495 807 2543 atque
825 2487 1082 2530 indecentem
1098 2489 1170 2529 Sa-

198 2541 452 2584 cramentalis
470 2540 588 2586 Ritus
602 2546 808 2588 materiam
821 2558 838 2599 ;
860 2546 930 2601 qui
945 2547 1050 2589 enim
1065 2544 1172 2587 adeo

199 2595 296 2642 falsa
312 2628 326 2652 ,
344 2608 466 2656 atque
480 2601 648 2645 distorta
661 2603 918 2659 persuasione·
935 2604 1082 2646 imbuti
1106 2601 1166 2644 es·

198 2655 284 2700 fent
298 2685 313 2710 ,
328 2663 527 2715 tamquam
538 2660 718 2716 indigni,
741 2664 779 2704 δι
803 2664 1014 2717 incapaces
1026 2661 1173 2703 Sacra-⁸

199 2716 320 2759 menti
336 2717 583 2773 Baptismatis
610 2720 722 2763 licite
754 2721 982 2776 suscipiendi
999 2747 1015 2771 ‚
1039 2721 1089 2762 ab
1118 2731 1171 2761 eo

197 2774 419 2830 repellendi
446 2775 564 2820 essent
581 2805 594 2817 .
628 2778 828 2823 Volumus
854 2788 986 2822 autem
999 2807 1015 2832 ,
1048 2787 1170 2833 atque

193 2832 401 2886 omnibus,
413 2834 453 2875 ce
463 2834 624 2889 fingulis
642 2837 917 2892 praedifitorum
933 2839 1171 2893 Regnorum

198 2887 410 2945 Episcopis
426 2893 504 2942 ,δι
517 2892 767 2936 Miffionariis
793 2896 834 2936 in
866 2897 1017 2939 virtute
1035 2895 1170 2939 saneta

196 2947 436 2991 obedientiae
450 2950 712 3006 praecipimus,
723 2954 763 2995 δι
773 2954 952 3008 expresse
968 2952 1167 3009 jubemus,

196 3014 240 3048 nt
254 3006 583 3050 &communibus
596 3007 733 3053 studiis
748 3038 762 3064 ‚
782 3022 900 3068 atque
911 3011 1084 3056 consiliis
1100 3042 1116 3066 ‚
1131 3013 1171 3055 δι

197 3064 337 3119 finguli
353 3077 427 3120 pro
443 3066 549 3109 virili
560 3078 673 3121 parte
682 3095 709 3123 ,«
724 3072 827 3115 intra
851 3068 1085 3126 prefinitum
1099 3071 1171 3113 de·

195 3123 324 3166 eennii
342 3133 525 3180 tempus,
549 3126 902 3172 omnibusvviribus
916 3158 932 3182 ,
957 3124 1171 3184 nervisque

197 3181 465 3234 contendant,
478 3184 516 3224 δι
530 3185 865 3238 quemadmodum
883 3189 1011 3230 suerat
1025 3188 1170 3230 eisdem

197 3243 221 3286 ὲ
247 3236 301 3280 sa.
316 3251 395 3282 me.
419 3241 705 3285 Praedecess'ore
729 3245 878 3287 Nostro
902 3248 1169 3300 imperatum,

195 3309 276 3342 non
293 3298 518 3342 intermissis
540 3299 749 3344 laboribus·
765 3302 911 3346 affidue
928 3311 1093 3349 curent,
1125 3315 1169 3346 ut

198 3365 251 3397 ex·
273 3354 436 3400 illarum
465 3358 659 3401 Gentium
684 3361 824 3401 animis
849 3374 1030 3405 errorum
1057 3372 1169 3404 tene-

200 3412 279 3454 broe
291 3438 312 3466 ,
326 3416 605 3472 malefanaeque
619 3418 827 3472 opiniones
839 3447 854 3473 ,
884 3419 1025 3473 quibus
1040 3421 1169 3461 obcae-

199 3480 340 3514 eantur
354 3498 369 3520 s
388 3476 435 3517 t&
464 3474 684 3519 miserrime
711 3475 946 3520 detinentur
961 3506 976 3530 ,
1007 3478 1169 3532 penitus

199 3525 368 3571 discuffoe
379 3558 396 3585 ,
406 3554 409 3559 <
421 3546 475 3576 ac
494 3534 688 3577 radicitus
719 3535 864 3578 evulsae
881 3535 1144 3577 eliminentur
1154 3565 1169 3578 ..

201 3588 260 3629 Ut
279 3587 374 3628 vero
391 3588 593 3635 indultum
606 3622 622 3646 ,
642 3605 988 3649 prorogatumque
1003 3595 1024 3637 a
1043 3593 1167 3635 Nobis

1238 264 1376 306 stolica
1402 264 1720 316 commendata,
1741 272 1860 320 atque
1884 268 2090 317 inculcatae
2115 278 2202 323 fue—·

1235 333 1351 376 rum,-
1362 322 1515 364 facilius
1529 322 1633 376 apud
1652 324 1848 365 Nationes
1861 324 1949 366 illas
1963 331 2202 377 infinuandig

1235 383 1331 424 vere
1345 381 1558 428 conducat,
1574 389 1698 432 utque
1710 379 1881 423 ulterior
1894 383 2117 437 hujusmodi
2130 392 2207 431 Ri.

1235 450 1347 483 tuum
1360 437 1627 494 praetermiffio
1654 437 1676 494 (
1688 451 1803 492 quam
1827 448 1959 481 tamen
1979 454 2090 485 extra
2111 459 2207 486 verae

1233 498 1472 542 ncceffitatis
1485 495 1593 538 casus
1606 522 1622 544 ,
1639 496 1808 549 utsupra
1821 526 1836 547 ,
1863 498 2091 542 nullatenus
2107 516 2207 544 con-

1234 557 1375 600 ceilam
1401 586 1418 610 ,
1443 567 1510 598 aut
1542 555 1693 596 licitam
1711 554 1786 597 effe
1806 583 1823 608 ,
1853 556 2003 598 iterum
2028 558 2211 601 declara-

1235 630 1320 659 mus
1338 617 1384 673 )‚
1395 614 1547 658 alendis
1564 612 1809 667 Populorum
1822 615 2029 659 erroribus
2041 643 2054 665 ‚
2085 626 2209 671 atque

1233 674 1535 718 difficultatibus
1548 672 1741 727 augendis
1754 701 1770 724 ,
1792 672 2209 729 confirmandisquu

1234 733 1364 776 ansam
1388 747 1464 775 non
1482 732 1674 786 praebeat,
1708 731 1897 774 univcrlis
1915 732 2109 775 Gentium
2124 732 2212 774 illa.

1236 807 1323 836 rum
1341 789 1546 846 Episcopis
1561 818 1577 842 ,
1601 791 1640 831 δι
1660 788 1909 834 Miffionariis
1924 792 2120 847 predictis
2137 805 2211 832 no·

1235 859 1322 894 tum
1349 850 1425 895 effe
1446 850 1631 893 volumus
1647 875 1662 898 ‚
1694 850 1770 891 hoc
1801 852 1940 893 exacto
1968 850 2172 894 decennio
2193 875 2209 896 ‚

1237 910 1360 953 nullis
1375 919 1441 951 aut
1457 908 1638 963 precibus
1649 936 1666 961 ,
1683 919 1751 951 aut
1766 910 2006 960 rationibus,
2023 922 2108 965 quat
2124 921 2214 966 por.

1236 970 1337 1024 rigi,
1353 966 1605 1024 proferrique
1618 981 1789 1024 unquam
1806 967 1960 1022 possent
1975 999 1990 1022 ,
2003 969 2125 1010 aliam
2140 967 2213 1010 de·

1235 1042 1318 1072 nuo
1328 1026 1656 1084 prorogationem
1670 1024 1894 1069 concellum
1911 1029 1959 1069 iri
1974 1057 1986 1069 .

1349 1085 1413 1130 Ad
1429 1085 1595 1127 tertium
1609 1083 1779 1140 denique
1801 1086 1913 1142 quod
1941 1084 2118 1142 pertinet
2136 1099 2212 1142 po-

1233 1143 1419 1187 stulatum
1434 1170 1451 1195 ,
1467 1152 1511 1184 ut
1540 1155 1683 1196 nempe
1699 1144 1873 1197 apertius
1888 1171 1903 1195 ,
1932 1156 2054 1200 atquc
2067 1144 2212 1188 distin-

1231 1204 1331 1246 etius
1343 1201 1572 1244 declaretur
1601 1202 1765 1243 Decreti
1779 1203 1972 1245 articulus
1988 1231 2003 1254 ,
2028 1218 2108 1259 quo
2125 1204 2212 1245 lau-

1229 1262 1348 1304 datus
1371 1262 1433 1302 bo.
1452 1273 1528 1300 me.
1560 1258 1736 1301 Carolus
1770 1262 1949 1303 Thomas
1976 1262 2211 1305 Cardinalis

1231 1318 1461 1363 Turnonius
1475 1317 1642 1360 sancivit
1655 1344 1671 1368 ,
1687 1327 1730 1360 ut
1748 1318 1976 1363 Miffionarii
1995 1323 2044 1365 ad
2065 1321 2213 1363 Parcas

1228 1387 1469 1434 agrotantes
1491 1375 1715 1427 accedant,
1746 1387 1791 1420 ut
1820 1383 2084 1422 Sacramenta
2107 1378 2214 1422 defi·

1229 1436 1461 1480 derantibus
1475 1436 1596 1478 etiam
1609 1433 1719 1476 domi
1743 1436 2046 1489 administrent,
2077 1448 2121 1479 ut
2139 1437 2216 1478 de·

1231 1496 1352 1550 nique
1364 1493 1445 1536 illis
1458 1496 1593 1536 omnia
1625 1494 1807 1548 prestent
1837 1494 2056 1551 spiritualia
2088 1493 2211 1537 subfi-

1228 1554 1296 1597 dia
1310 1581 1325 1605 ,
1337 1566 1423 1609 quae
1436 1553 1629 1595 Charitas
1642 1580 1657 1603 ,
1676 1552 1840 1608 Religio
1855 1579 1869 1601 ‚
1901 1556 1942 1596 δι
1955 1554 2088 1597 Officii
2100 1553 2209 1598 ratio

1235 1610 1490 1667 Evangelicis
1502 1611 1711 1665 Operariis
1726 1612 1840 1653 nullo
1853 1610 2102 1663 discrimine,
2117 1610 2207 1653 nul-

1231 1671 1355 1728 loque
1366 1666 1547 1725 respectu
1563 1697 1579 1721 ,
1596 1668 1798 1712 fidelibus
1825 1671 2046 1723 mimas,
2065 1669 2213 1714 adver-

1231 1732 1268 1774 sa
1283 1727 1502 1786 prasertim
1519 1727 1746 1771 valetudine
1760 1729 1999 1774 conflictans
2014 1759 2027 1780 ,
2041 1728 2215 1772 admini-

1233 1788 1392 1831 stranda
1406 1786 1663 1843 prascribunt
1678 1800 1693 1831 :
1714 1801 1830 1830 nemo
1856 1785 2038 1844 profecte>
2053 1802 2131 1830 non
2150 1786 2211 1832 vii

1232 1847 1302 1890 det
1318 1845 1603 1903 ,quantumvis
1631 1847 1807 1888 maxime
1832 1858 2112 1902 proponantur
2128 1842 2212 1888 dif-

1234 1904 1435 1949 ficultates
1450 1933 1464 1954 ,
1498 1905 1538 1947 in
1592 1916 1662 1946 uas
1685 1905 1890 1948 incurrere
1920 1904 2151 1950 Miffionarii
2170 1903 2207 1946 se

1235 1962 1341 2019 poffe
1369 1963 1510 2005 dicunt
1525 1989 1540 2012 ,
1583 1974 1595 2003 ι
1623 1962 1717 2004 huic
1750 1974 1948 2018 praecepto
1978 1974 2061 2006 tam
2090 1963 2211 2017 justo,

1234 2033 1315 2064 tam
1330 2022 1463 2064 sanae
1494 2034 1635 2075 parere
1667 2020 1793 2063 velim
1808 2050 1822 2072 ,
1853 2020 2062 2064 ferendum
2077 2033 2212 2064 tamen

1231 2080 1348 2123 nullo
1362 2078 1487 2121 modo
1500 2077 1590 2128 effe,
1609 2078 1718 2135 quod
1736 2082 1853 2123 Casas
1865 2079 2126 2124 humiliorum
2141 2081 2214 2123 hu-

1228 2136 1396 2195 jusmodi
1414 2137 1622 2180 hominum
1636 2151 1686 2179 ex
1717 2138 1863 2180 morbo
1887 2139 2212 2183 decumbentium

1230 2196 1360 2240 subire
1374 2192 1585 2245 recusent,
1599 2205 1720 2251 atque
1742 2195 1834 2238 illos
1864 2196 1903 2238 in
1922 2195 2072 2241 summo
2087 2198 2212 2247 etiam

1231 2256 1321 2296 vite
1350 2250 1581 2296 discrimine
1593 2280 1609 2306 ,
1638 2265 1708 2296 aut
1743 2256 2013 2297 Sacramentis
2044 2257 2211 2298 omnino

1229 2325 1369 2356 carere
1384 2309 1508 2353 fiuant
1522 2340 1536 2362 ,
1551 2322 1618 2355 aut
1650 2313 1789 2355 saltem
1810 2315 2052 2359 corumdem
2086 2315 2211 2369 perci-

1229 2371 1468 2428 piendorum
1485 2372 1697 2414 maximam
1712 2371 1793 2414 illis
1810 2374 1998 2427 ingerant
2027 2371 2209 2417 difficul-

1229 2441 1378 2474 tatem.
1395 2429 1518 2471 Nulla
1532 2431 1684 2473 etenim
1708 2432 1813 2486 apud
1844 2433 1973 2474 Deum
1992 2433 2050 2476 est
2074 2431 2210 2488 perso-

1229 2502 1370 2533 narum
1384 2490 1596 2543 acceptio;
1612 2503 1685 2532 nec
1701 2490 1831 2533 ullum
1855 2490 2065 2546 despicere
2080 2490 2138 2533 fas
2153 2491 2210 2534 est

1227 2562 1366 2591 eorum
1380 2575 1397 2597 ,
1409 2560 1510 2601 quos
1530 2549 1766 2601 Unigenitus
1783 2550 1858 2592 Dei
1883 2549 2010 2593 Filius
2045 2565 2115 2606 per
2131 2563 2209 2592 no-

1229 2620 1318 2648 ram
1332 2607 1631 2660 generationem
1645 2607 1713 2648 iibi
1725 2607 1955 2663 conjunctos
1965 2636 1979 2660 ,
1994 2622 2076 2652 non
2104 2621 2208 2650 con·

1230 2663 1414 2707 funditur
1446 2665 1608 2706 Fratres
1634 2677 1780 2705 vocare
1804 2677 1818 2716 ;
1849 2665 1947 2719 quin
1978 2666 2060 2708 imo
2088 2664 2207 2720 elegit

1232 2727 1337 2766 Deus
1345 2730 1535 2776 pauperes
1550 2725 1592 2762 in
1606 2721 1673 2763 boc
1692 2722 1838 2763 Mundo
1852 2748 1868 2772 ,
1889 2721 2027 2764 divim
2036 2726 2079 2764 in
2095 2723 2203 2769 Fide,

1230 2782 1283 2831 ά·
1298 2779 1462 2822 heredes
1481 2777 1632 2833 Regni,
1652 2779 1758 2833 quod
1764 2779 1986 2835 repromisit
1999 2780 2206 2836 diligentl-

1228 2838 1374 2894 busfi.
1404 2841 1506 2896 Qae
1521 2838 1589 2893 qui
1623 2847 1918 2889 contemnunt,
1943 2840 2205 2882 exhonoran-

1229 2907 1290 2940 tcs
1312 2909 1527 2952 pauperem
1542 2921 1556 2943 ,
1571 2897 1612 2939 δι
1635 2897 1813 2939 Fratrem
1828 2897 2022 2941 humilem
2037 2896 2158 2940 consu
2166 2910 2207 2937 n·

1229 2956 1371 2999 dentes
1387 2956 1424 2999 in
1443 2954 1673 2999 humilitate
1687 2953 1750 2997 sua
1765 2983 1778 3006 ‚
1805 2956 1845 2997 hi
1861 2968 1987 3010 porro
2003 2955 2124 3012 longi:
2142 2956 2204 2997 ni·

1232 3014 1302 3056 mis
1321 3012 1535 3058 discedunt
1549 3011 1570 3052 a
1587 3012 1769 3056 doctrina
1786 3041 1800 3064 ,
1827 3015 1866 3056 δι
1879 3015 2066 3070 exemplo
2077 3015 2203 3057 Chri-

1231 3073 1277 3117 sti
1295 3072 1457 3115 Domini
1474 3071 1700 3114 Salvatoris
1716 3072 1850 3114 Nostri
1863 3102 1878 3125 ,
1903 3075 1971 3129 qui
1988 3076 2074 3116 Nos
2090 3087 2203 3115 non-s

1232 3132 1381 3176 Divina
1394 3129 1550 3174 tantum
1565 3142 1667 3172 voce
1681 3128 1772 3181 ,sed
1788 3134 1941 3186 magnis
1959 3132 2084 3174 etiam
2101 3159 2116 3182 ‚
2141 3140 2207 3173 at-

1230 3204 1309 3245 que
1332 3188 1549 3231 illustribus
1565 3185 1676 3230 factis
1703 3189 1872 3233 edocuit
1890 3219 1906 3242 ‚
1935 3191 2076 3246 quanti
2094 3189 2201 3244 apud

1230 3251 1318 3292 Nos
1333 3245 1408 3291 effe
1431 3247 1606 3290 debeant
1619 3276 1636 3298 ,
1649 3249 1718 3304 qui
1735 3260 1927 3304 pauperes
1944 3277 1959 3300 ,
1987 3258 2109 3304 atque
2126 3248 2201 3289 ab·

1228 3306 1317 3363 jct‘ti
1333 3320 1405 3361 per
1421 3305 1562 3348 Mundi
1581 3304 1768 3350 insaniam
1802 3315 1996 3349 vocantur
2011 3319 2028 3360 ;
2061 3310 2204 3349 Eccm

1227 3365 1329 3408 enim
1343 3394 1359 3416 ‚
1389 3363 1521 3418 ajebat
1547 3367 1589 3407 S.
1605 3365 1823 3420 Gregorius
1853 3364 2042 3409 Pontifex
2066 3364 2200 3405 Maxi-

1229 3436 1318 3466 mus
1332 3452 1347 3475 ,
1366 3422 1426 3464 ire
1444 3434 1520 3465 non
1532 3424 1619 3465 vult
1632 3424 1760 3467 fmus
1789 3426 1867 3463 Der·
1880 3422 1932 3464 ad
1944 3424 2095 3467 Filium
2121 3425 2202 3463 Re.-

1223 3483 1313 3537 guli
1326 3507 1340 3530 ,
1354 3482 1402 3529 θ’
1414 3491 1545 3522 tamen
1567 3484 1697 3523 venire
1706 3489 1875 3534 paratus
1887 3481 1943 3538 cst
1970 3480 2200 3536 adfilutem

1230 3542 1346 3582 Servi
1357 3567 1369 3579 .
1382 3539 1498 3581 Certe
1515 3540 1548 3579 εἰ
1559 3551 1623 3580 nos
1634 3537 1850 3592 cujuspiam
1865 3542 2006 3580 Servus
2021 3548 2198 3595 rogaret,

1228 3605 1277 3638 ut
1289 3598 1345 3639 ad
1354 3609 1438 3638 eum
1460 3600 1519 3638 ire
1531 3595 1747 3636 deberemus
1761 3624 1775 3646 ‚
1797 3601 1979 3650 protinus
1993 3597 2101 3639 nobis
2127 3611 2197 3638 ne-

199 3652 357 3711 tempus
372 3649 620 3695 Sanstiffimis
638 3655 823 3695 Romana
847 3652 1029 3696 Ecclcssae
1052 3665 1170 3694 caere-
1212 3653 1508 3710 strafhperbia
1530 3651 1574 3694 in
1589 3654 1818 3708 cogitatione
1847 3659 1972 3697 tacita
1997 3655 2198 3713 ristonde·

199 3709 344 3747 moniis
357 3704 550 3760 praedietis
565 3735 580 3760 ,
595 3723 679 3766 quae
700 3711 852 3753 tamdiu
879 3712 902 3755 Ξι
928 3713 1033 3754 Sede
1054 3713 1173 3766 Apo-¹
1224 3713 1424 3756 radicem
1443 3724 1543 3756 :non
1553 3725 1640 3761 ear,
1667 3709 1764 3765 quia
1775 3714 2018 3772 temetipsum
2032 3715 2189 3768 degene-

2038 3787 2132 3828 ras,
2172 3824 2183 3837 .
