2508 4218
368 192 489 281 66

292 355 412 392 erant
423 373 442 399 ,
457 343 576 390 nullo
584 344 719 389 modo
730 345 961 402 approbata
979 346 1133 391 censeri
1154 348 1288 391 volui·

294 403 783 461 mus,mandarimusque
797 437 811 447 .
823 406 892 448 Ad
908 409 1057 452 horum
1075 408 1287 450 hominum

294 465 503 524 stpulelira
530 465 733 508 vetuimus
758 466 885 508 etiam
908 495 925 519 ,
954 481 1002 509 ac
1036 466 1286 509 inhibuimus

291 524 469 570 tabellas
484 554 501 579 ,
511 534 636 582 atque
648 525 844 581 imagines
867 539 921 569 ex
931 539 1045 576 cera,
1057 537 1125 568 aut
1134 539 1285 583 argeu-

294 594 372 637 to,
400 583 468 627 seu
487 599 539 628 ex
552 583 631 627 alia
641 598 894 642 quacumque
922 586 1093 628 materia
1121 598 1204 628 tam
1230 585 1286 641 pi·

294 648 380 690 ans
392 671 408 694 ,
420 646 543 700 quim
553 642 663 686 listas
674 671 689 695 ,
703 653 828 700 atque
854 646 1071 701 exculptas
1094 644 1287 701 appendi,

296 703 365 748 seu
378 703 485 759 affigi
498 730 514 753 ,
524 705 566 746 δι
576 702 781 757 lampades
794 732 810 755 ,
835 705 916 748 five
929 704 1009 747 alia
1021 716 1288 760 quaecumque

299 763 456 806 lumina
469 762 640 806 accendi
652 760 734 804 line
744 763 1029 820 recognitione
1042 764 1095 806 ab
1110 763 1289 807 Ordina-

292 823 360 867 tio
371 823 557 871 omnino,
573 830 696 877 prout
711 821 844 877 supra,
858 819 1045 865 facienda
1059 850 1075 873 ,
1106 823 1287 878 Sedique

293 880 544 937 Apostolicae
559 878 776 923 referenda
791 906 807 929 ,
818 894 865 922 ac
888 882 1120 936 probanda.
1136 880 1285 925 Decla-

296 949 453 988 rantes,
467 938 576 995 quod
595 951 669 995 per
684 937 949 994 fitprascripta
963 939 1227 995 praejudicare
1244 940 1286 982 in

296 999 440 1055 aliquo
451 997 655 1040 noluimus
669 1022 685 1045 ,
700 1010 829 1052 neque
854 997 1105 1041 intendimus
1122 1001 1169 1041 iis
1182 1028 1199 1050 ,
1218 998 1287 1052 qui

294 1067 367 1101 aut
380 1069 452 1111 per
465 1069 725 1098 communem
742 1056 929 1098 Ecclefiae
942 1055 1116 1100 conl‘ens
1108 1072 1175 1100 um
1189 1083 1205 1107 ,
1219 1055 1285 1099 vel

297 1114 665 1160 immemorabilem
692 1116 890 1168 temporis
915 1114 1071 1158 cursum
1086 1143 1103 1168 ,
1128 1126 1199 1161 aut
1216 1129 1288 1173 per

295 1178 469 1219 Petrum
494 1202 512 1226 ,
540 1173 791 1216 virorumve
820 1176 1062 1219 Sanctorum
1107 1174 1255 1234 scripta
1268 1203 1284 1228 ,

294 1233 365 1278 vel
378 1230 594 1287 longiffimi
608 1232 804 1290 temporis
815 1231 981 1277 scientia
1001 1263 1017 1288 ‚
1039 1248 1086 1278 ac
1101 1236 1284 1281 toleran-

298 1293 358 1338 tia
372 1290 545 1349 praesatoe
554 1292 675 1336 Sedis
687 1292 932 1350 Apostolicae
943 1323 959 1348 ,
986 1293 1055 1339 vel
1071 1294 1284 1340 Ordinarii

297 1351 585 1396 celebrantur.

416 1412 608 1467 Cumque
622 1412 757 1468 postea
768 1412 835 1457 die
852 1414 1092 1472 &octobris
1110 1413 1289 1471 ejusdem

297 1470 391 1514 anni
413 1469 535 1520 1625.
552 1471 576 1512 a
589 1470 824 1528 quibusdam
852 1475 1040 1518 revocari
1067 1476 1106 1518 in
1123 1474 1288 1517 dubium

296 1526 657 1585 aecepiffemus,an
682 1531 874 1582 tabellas,
896 1534 939 1575 δι
961 1533 1172 1590 imagines,
1186 1532 1288 1591 qua's

299 1588 551 1646 inposterum
562 1588 702 1633 offerri
718 1592 975 1648 contingeret
988 1618 1005 1642 ,
1021 1594 1205 1649 recipere
1218 1621 1235 1646 ,
1244 1592 1287 1634 δι

296 1658 415 1692 antea
427 1647 588 1691 oblatas
608 1648 852 1694 conservare
877 1651 1052 1706 liceret-3
1085 1655 1175 1696 Nos
1191 1651 1287 1709 ,qui

294 1707 585 1752 tautummodo
615 1708 821 1752 voluimus
850 1711 1111 1754 occurrendo
1151 1710 1285 1755 abuti-

297 1769 374 1812 bus
386 1795 402 1819 ,
415 1766 487 1823 qui
498 1767 678 1823 irrepere
691 1768 937 1812 videbantur
945 1798 963 1821 ,
980 1772 1200 1813 certiorem
1214 1784 1283 1826 pa·

295 1839 390 1871 rare
403 1827 512 1870 viam
525 1827 576 1868 ad
591 1839 736 1869 eorum
764 1829 804 1869 in
822 1828 943 1871 terris
958 1827 1133 1882 gloriam
1148 1858 1166 1881 ,
1180 1842 1283 1884 quo-

297 1898 390 1931 rum
405 1884 703 1928 sanctimoniam
715 1885 861 1928 divinae
884 1885 1110 1929 clementiae
1123 1888 1284 1943 placue-

294 1946 350 1990 rit
364 1943 611 1989 admirandis
626 1944 818 1999 operibus
849 1943 1050 1987 illustrate
1062 1974 1077 1997 ,
1109 1961 1154 1989 re
1174 1945 1284 2000 prius

294 2017 392 2048 eum
415 2003 565 2046 eifflem
592 2001 877 2045 cardinalibus
893 2002 1207 2046 ‘communicata
1231 2002 1285 2044 de

293 2061 413 2107 finili
431 2073 576 2105 eorum
602 2058 771 2103 confilio
784 2060 1092 2107 declaravimus
1108 2089 1123 2114 ,
1153 2059 1284 2113 quod,

295 2123 399 2167 ficut
427 2132 633 2174 nunquam
675 2121 958 2174 prohibuimus
980 2150 998 2173 ,
1032 2134 1110 2165 nes
1148 2120 1284 2162 inten-

294 2180 420 2225 tionis
453 2179 598 2223 nostre
624 2174 701 2218 fuit
749 2178 973 2233 probibere
1002 2178 1284 2225 oblationem,

297 2238 666 2294 receptionemque
695 2235 938 2279 tabellarum
962 2265 978 2289 ,
1001 2237 1043 2279 δε
1067 2235 1283 2292 imaginum

297 2295 534 2356 hujusmodi
560 2322 579 2347 ,
619 2293 679 2336 ita
701 2306 748 2338 ut
769 2295 960 2353 deinceps
985 2295 1089 2338 nulli
1118 2295 1284 2339 dubita-

300 2357 404 2405 tioni
433 2355 550 2400 loeus
573 2353 884 2412 relinqueretur
904 2382 920 2406 ,
953 2354 1165 2399 statuimus
1201 2382 1217 2406 ,
1242 2354 1285 2396 δι

300 2414 560 2462 decrevimus
571 2423 646 2465 ,ut
656 2437 673 2463 ‚
691 2417 850 2471 quoties
863 2412 916 2455 ad
932 2413 1110 2472 aliquam
1136 2411 1285 2458 Eccle-

302 2475 427 2528 fiam,
437 2485 508 2518 aut
521 2472 764 2518 oratorium
774 2501 790 2526 ,
804 2473 994 2519 locumve
1008 2474 1134 2518 alium
1149 2471 1286 2531 publi·

300 2549 396 2581 eum
409 2532 640 2579 secularem
654 2560 671 2586 ,
683 2532 748 2577 seu
766 2533 1011 2590 Regularem
1027 2532 1199 2578 tabellas
1214 2559 1230 2585 ,
1242 2531 1285 2574 δι

301 2594 502 2651 imagines
514 2621 530 2646 ‚
542 2593 713 2637 slutdve
726 2591 852 2638 limile
877 2592 1073 2663 quispiam
1087 2590 1289 2644 deferret,

299 2668 349 2698 ac
364 2650 650 2699 interceflione
664 2654 874 2697 bominum
889 2662 1000 2699 tuter
1014 2656 1202 2706 Sanaos,
1221 2651 1286 2695 vel

302 2714 453 2758 Beatos
465 2726 547 2757 non
561 2711 1060 2769 adscriptomnnquamvis
1074 2726 1169 2758 cum
1183 2712 1289 2756 Mar·

299 2771 401 2828 tyrii
427 2800 443 2823 ,
465 2780 538 2815 aut
562 2771 794 2815 Sanaitatis
818 2773 924 2816 fama
944 2773 1260 2818 demortuorum
1279 2798 1295 2825 ,

379 2840 446 2874 ata
478 2829 519 2874 se
539 2829 809 2886 impetravisse
824 2832 983 2878 diceret
1004 2863 1021 2887 ,
1051 2834 1198 2878 liceret
1214 2832 1289 2876 Ec·

300 2905 324 2934 e
367 2888 522 2934 liasticis
544 2888 727 2933 Petronis
754 2891 1026 2937 Eccleslarum
1039 2920 1056 2946 ,
1086 2892 1293 2937 locorum·

301 2963 385 3006 que
402 2948 686 3005 predictorum
714 2961 819 2993 curu
880 2950 1068 3009 rupolitis
1089 2949 1292 3001 tabellas,

300 3009 344 3054 fl
358 3006 552 3063 imagines
568 3004 648 3048 live
663 3007 785 3063 pietas
797 3035 812 3059 ,
870 3023 920 3054 ve
946 3024 997 3055 est
1009 3010 1148 3068 quavis
1160 3018 1289 3053 mate·

304 3068 366 3113 ria
377 3063 504 3116 fictas,
516 3075 554 3108 at
587 3078 639 3108 ue
653 3065 732 3110 alia
745 3081 1008 3129 quecumque
1018 3067 1184 3113 collatu
1202 3080 1292 3125 gra·

303 3126 372 3172 ai·
395 3120 521 3169 fidem
616 3124 738 3169 ’entia
771 3126 884 3171 timul
912 3143 1006 3174 eum
1039 3127 1263 3174 deferentis
1275 3154 1292 3181 ,

303 3185 579 3241 aliorumque,
592 3184 666 3245 qui
677 3185 826 3230 cont'cii
846 3184 1291 3236 (uitrentattettnioni-

305 3244 381 3289 bus
394 3245 603 3300 recipcre,
613 3254 701 3298 atq3
713 3248 1032 3302 approbantibus
1045 3245 1295 3300 ordinariis,

307 3303 361 3347 ad
377 3316 481 3360 quos
493 3299 652 3348 referte
665 3303 796 3349 statim
818 3308 954 3350 omnia
968 3316 1207 3352 tenerentur
1221 3335 1238 3359 ,
1253 3306 1294 3349 in

307 3360 470 3407 secreto
497 3362 635 3420 aliquo
655 3361 818 3409 seoriim
842 3367 895 3410 ab
913 3364 1088 3411 ecclelia
1112 3364 1208 3410 loco
1227 3378 1293 3409 cu·

309 3420 459 3466 nodite
472 3449 488 3474 ‚
504 3422 739 3482 ibidemque
757 3427 838 3482 iam
851 3436 987 3470 amota
1006 3424 1296 3478 collocare‚&

309 3478 499 3525 affervare
509 3506 524 3531 ‚
540 3492 603 3535 ut,
618 3481 645 3526 fi
656 3484 825 3540 quando
841 3486 1045 3531 Domlnm
1061 3483 1205 3529 talium
1219 3484 1294 3527 Vi·

309 3553 451 3584 rorum
477 3542 622 3585 uictita
647 3541 966 3591 scarificationi·
979 3573 996 3597 ‚
1023 3541 1092 3589 seu
1107 3543 1294 3590 Canoni-

310 3599 488 3644 unionis
505 3601 663 3645 bonore
676 3603 715 3646 in
729 3605 847 3648 terris
866 3605 1063 3650 decorate
1090 3598 1294 3658 voluitlet‚

310 3667 499 3703 extarent
529 3660 756 3717 hujusmodi
790 3663 1023 3709 &unitatis
1048 3661 1296 3721 qualescum-

312 3729 394 3768 ‘lut
428 3720 690 3772 probationes
706 3748 721 3772 2
736 3722 980 3781 Apostolic-
1010 3723 1125 3770 sedi·
1143 3722 1297 3781 judicio

314 3782 415 3816 tunc
430 3780 701 3824 examinanda
713 3810 726 3823 .

437 3832 609 3881 Demum
623 3841 754 3894 vcro,
784 3848 831 3887 ut
853 3841 1046 3901 ejusmodi
1080 3844 1294 3888 Decreta,

1066 182 1588 285 Monumenta

1344 342 1837 391 observarentur-indubie
1850 372 1866 398 ,
1896 357 1945 388 ac
1965 341 2244 386 omnimodam
2257 339 2342 387 stir-

1346 408 1527 451 tirentur
1540 406 1856 457 executionem,
1885 417 1981 446 cum
1996 402 2161 447 *eisdem
2187 404 2341 448 Cardi-

1346 465 1504 508 nalibus
1518 478 1566 508 re
1594 466 1748 522 pariter
1761 462 2060 508 communicata
2075 489 2090 512 ,
2107 461 2240 519 deque
2270 474 2343 504 eo-

1348 523 1536 567 rumdem
1549 524 1719 568 confilio
1749 522 1950 582 praemissis
1976 521 2240 573 addidimus,
2267 519 2344 564 sta·

1347 584 1501 627 tuimus
1515 611 1528 632 ‚
1546 585 1833 636 decrevimus,
1857 594 1979 640 atque
2006 580 2312 624 declaravimus*
2326 609 2343 634 ,

1348 655 1400 686 ne
1411 657 1460 686 ex
1477 654 1575 687 tunc
1590 643 1781 702 deinceps
1796 643 1991 700 quispiam
2005 640 2342 690 Ordinatiorutm

1347 712 1416 745 aut
1429 702 1477 744 ab
1495 703 1727 759 Apostolica
1743 702 1848 748 Sede
1861 703 1911 746 ad
1929 702 2005 743 hoc
2016 697 2244 756 specialiter
2267 699 2342 742 de·

1350 762 1586 818 legatorum
1617 761 1732 818 super
1761 761 1934 820 alicujus
1963 757 2177 815 utriusque
2226 757 2340 802 sex-fis

1347 834 1440 863 cum
1458 820 1695 865 Sanaitatis
1708 850 1724 874 ,
1735 831 1803 865 aut
1820 821 2011 878 Martyrii
2028 816 2152 867 fama,
2169 817 2340 876 velopi-

1344 881 1471 924 nione
1498 878 1677 924 defune’ti
1710 881 1919 930 miraculis
1945 907 1960 930 ,
1987 877 2307 923 revelationibus
2321 903 2338 928 ,

1347 938 1485 981 aliisve
1512 938 1709 996 ejusmodi
1741 942 2003 986 sanctitatem
2030 937 2334 987 redolentibus,

1347 1012 1397 1041 ex
1417 997 1577 1058 integro
1603 998 1912 1046 informationes
1938 1013 2104 1058 quoquo
2123 997 2249 1042 modo
2269 1011 2338 1042 re-

1346 1057 1532 1115 ciperet,
1562 1068 1632 1102 aut
1648 1061 1869 1116 proceffum
1887 1061 2130 1111 instrueret,
2163 1058 2228 1101 vel
2244 1059 2342 1100 huc—

1346 1119 1468 1175 usque
1492 1127 1678 1174 receptas
1693 1121 2002 1163 informationes
2013 1149 2028 1172 ,
2045 1116 2339 1161 instructumve

1348 1175 1570 1234 proceffum
1586 1176 1763 1222 ulterius
1788 1179 2124 1235 prosequeretur,
2155 1175 2224 1219 nifi
2257 1178 2338 1218 Po-

1345 1236 1519 1281 stuiator
1550 1236 1659 1293 prius
1690 1252 1765 1294 per
1781 1239 1986 1295 legitimas
2014 1234 2191 1291 juridice
2207 1233 2341 1276 susce-

1345 1307 1433 1353 ptas
1443 1296 1705 1353 probationes
1717 1298 1825 1340 circa
1840 1296 2055 1341 Personam
2070 1292 2157 1350 ejus
2169 1322 2185 1346 ,
2201 1291 2255 1336 de
2269 1305 2340 1336 cu·-

1347 1357 1412 1413 jus
1429 1355 1665 1405 miraculis,
1694 1355 2030 1403 revelationibus,
2055 1352 2194 1396 aliisve
2220 1349 2340 1394 rebus

1347 1414 1467 1473 gestis
1482 1415 1749 1459 sanctitatem
1762 1413 2111 1473 praeseferentibus
2126 1421 2339 1466 ageretur,

1347 1473 1619 1533 prescriptam
1642 1475 1684 1519 in
1714 1475 1878 1533 praelato
1891 1474 2027 1517 nostro
2043 1472 2225 1514 Decreto
2251 1469 2337 1512 for·

1349 1548 1453 1578 mam
1469 1534 1639 1577 omnino
1659 1533 1857 1579 servatam
1869 1529 2043 1578 extitisse
2062 1529 2267 1579 docuerit,
2281 1528 2341 1581 ἃ,

1348 1593 1419 1639 nifi
1434 1593 1569 1652 postca
1592 1591 1804 1638 successive
1829 1593 1937 1636 idem
1963 1589 2206 1634 Ordinarius
2222 1618 2237 1642 ‚
2267 1595 2342 1632 aut

1348 1655 1399 1697 ab
1414 1651 1648 1710 Apostolica
1660 1654 1765 1698 Sede
1794 1653 1845 1696 ad
1862 1655 1937 1696 hoc
1953 1649 2188 1706 specialiter
2209 1645 2340 1692 Dele-

1347 1712 1673 1770 gatus,diligenti
1687 1712 1905 1770 praehabita
1927 1709 2203 1768 disquisitione
2228 1706 2340 1752 circa

1344 1773 1518 1815 eandem
1532 1773 1752 1815 Personam
1762 1798 1778 1821 ,
1794 1771 2042 1829 supracitato
2058 1772 2238 1813 Decrcto
2252 1765 2342 1810 nul-

1346 1832 1506 1875 latenus
1523 1829 1843 1876 contraventum
1857 1830 1935 1875 effe
1949 1859 1963 1882 ,
1994 1829 2073 1872 rite
2089 1826 2336 1886 pronuncia·-

1346 1891 1620 1947 verit.thue
1635 1890 1676 1934 id
1693 1890 1986 1935 inviolabiliter
1999 1887 2251 1938 observetur,
2264 1883 2338 1926 sta·

1345 1951 1495 1992 tuimus
1507 1948 1684 2007 insuper,
1707 1964 1754 1992 ac
1770 1948 2045 1999 decrevimus,
2062 1958 2114 1988 ne
2126 1940 2342 1987 transmissi

1345 2008 1396 2048 ad
1415 2008 1569 2049 Urbem
1581 2008 1867 2064 undecumque
1883 2003 2111 2063 hujusmodi
2130 1998 2336 2058 processus

1344 2066 1370 2110 i
1384 2064 1724 2119 Congregationis
1737 2067 1952 2110 Sacrorum
1970 2065 2142 2109 Rituum
2155 2063 2342 2105 Secreta-

1345 2123 1436 2172 rio,
1462 2121 1666 2180 minusque
1686 2125 1708 2166 ἃ
1736 2127 1886 2169 Sane'toe
1915 2122 2031 2168 Fidei
2049 2122 2343 2168 Promotou-ea*

1345 2179 1662 2235 quomodolibet
1678 2186 1919 2236 aperiantur
1935 2212 1949 2236 ,
1975 2181 2044 2227 nili
2067 2181 2234 2239 priusin
2260 2177 2344 2237 ipsa

1344 2239 1564 2280 Sacrorum
1584 2238 1755 2280 Rituum
1771 2242 2145 2296 ‘congregationh
2177 2240 2261 2283 alio
2272 2238 2342 2283 -se-

1344 2296 1518 2356 junctim
1545 2295 1694 2339 oblato
1721 2298 1962 2342 authentico
1986 2296 2200 2355 -procefl'u,
2220 2309 2342 2341 *eaeo

1343 2353 1641 2408 Ordinarium,
1674 2365 1746 2399 aut
1760 2358 1811 2400 ab
1824 2354 2058 2415 Apostolica
2084 2353 2189 2399 Sede
2202 2353 2346 2411 specia-

1346 2416 1443 2461 liter
1457 2411 1700 2470 Delegstum
1714 2413 1796 2459 rite
1809 2447 1826 2470 ,
1847 2429 1895 2460 ac
1910 2413 2021 2461 reete
2033 2441 2048 2464 ,
2064 2425 2108 2458 ut
2126 2413 2341 2471 premitti-

1347 2484 1446 2526 tur,
1460 2470 1727 2530 cogmviss'e,
1753 2489 1800 2519 ac
1815 2472 2096 2535 prenuncitffe
2122 2473 2339 2531 prelibato

1350 2538 1538 2579 Decreto
1548 2545 1802 2593 nequaquam
1829 2534 2081 2585 contrarium
2111 2530 2190 2577 effe
2216 2531 2339 2591 plene

1349 2593 1608 2644 constiterit,
1638 2609 1684 2638 ac
1717 2594 1868 2640 deinde
1888 2597 1911 2640 ὲ
1928 2593 2059 2639 Nobis
2091 2590 2342 2650 judicialiter

1350 2669 1373 2699 a
1429 2651 1647 2698 riendi·eos
1662 2651 1863 2711 processus
1879 2650 2054 2699 facultas
2070 2651 2228 2696 indulta
2247 2648 2344 2693 fuit-

1353 2668 1612 2770 septednsuper
1627 2712 1895 2770 longiffimum
1910 2721 2069 2771 tempus
2082 2739 2097 2763 ,
2125 2710 2341 2756 aliusve-a

1352 2772 1715 2818 immemorabilem
1731 2771 1887 2818 cursum
1905 2802 1920 2827 ,
1933 2772 1985 2818 de
1999 2785 2081 2831 quo
2092 2772 2134 2821 in
2149 2768 2341 2828 predicto

1353 2834 1556 2884 Decreto,
1566 2830 1745 2890 intelligi
1760 2831 2060 2877 declaravimus
2078 2828 2155 2891 clife
2178 2839 2340 2887 tempus

1351 2902 1515 2949 centum
1538 2903 1739 2936 annorum
1771 2901 1924 2938 metam
1949 2889 2148 2937 excedens
2162 2919 2178 2944 ,
2208 2887 2342 2947 deque

1353 2952 1414 2996 bis
1430 2978 1446 3004 ,
1458 2960 1585 3007 atque
1610 2947 1871 3010 infrascriptis
1885 2951 2072 2996 omnibus
2086 2980 2103 3007 ,
2119 2963 2203 3010 qua
2224 2949 2265 2994 in
2281 2946 2343 2991 his

1354 3009 1539 3055 Decretis
1562 3009 1748 3067 disposita
1771 3012 1813 3055 δι
1848 3009 2037 3056 ordinata
2052 3010 2142 3055 funt
2156 3038 2172 3063 ,
2204 3001 2344 3064 aliqui

1352 3068 1584 3116 suboriente
1597 3068 1845 3115 difficultate
1857 3096 1872 3122 ,
1883 3069 2111 3115 Ordinariis
2135 3068 2342 3124 locorum,

1351 3131 1392 3173 et
1415 3125 1876 3186 DelegatisApossolicis
1899 3119 2163 3187 quibuslibet,
2175 3120 2342 3167 dinne‘m

1354 3186 1524 3232 omnino
1538 3187 1830 3245 interpretandi
1845 3184 2085 3232 facultatem
2100 3183 2347 3235 ademimus,

1354 3260 1398 3292 ut
1414 3245 1558 3292 Sedent
1575 3246 1852 3307 apostolicam
1879 3244 2049 3304 desuper
2064 3242 2343 3310 consulerent,

1355 3308 1406 3353 ab
1427 3320 1554 3366 caque
1566 3308 1796 3366 responsum
1812 3307 2073 3365 expectarent
2088 3330 2103 3355 ,
2134 3302 2344 3347 mandavi·

1357 3381 1445 3414 mus
1457 3365 1606 3413 eisdem
1620 3395 1636 3421 ‚
1647 3367 1688 3411 ει
1700 3365 1813 3421 aliis,
1828 3377 1948 3426 prout
1962 3367 2005 3411 in
2019 3361 2207 3411 Decretis
2226 3357 2341 3405 desa·-

1356 3441 1428 3487 per
1439 3426 1560 3473 editis
1573 3425 1734 3486 plenius
1748 3425 1986 3472 continetur
1996 3455 2009 3470 .

1474 3491 1616 3548 Quare
1656 3485 1879 3532 inviolabili
1899 3489 2168 3532 Decretorum
2201 3476 2341 3538 predi-

1355 3549 1513 3592 ctorum
1527 3547 1797 3592 obstrvationi
1808 3574 1825 3603 ,
1837 3543 2027 3605 quantum
2051 3556 2143 3589 cum
2162 3541 2341 3607 Domi-no

1358 3604 1574 3663 pulsamus,
1587 3605 1799 3652 consulere
1815 3605 2011 3657 volentes,
2026 3603 2147 3647 Motu
2162 3611 2343 3659 proprio·

1356 3668 1396 3710 δι
1413 3680 1460 3711 ex
1477 3679 1591 3713 cctta
1607 3665 1797 3717 scientia,
1829 3677 1876 3708 ac
1907 3675 2014 3707 mera
2047 3659 2344 3706 deliber-tiens

1355 3726 1528 3782 nostris,
1555 3725 1692 3783 deque
1720 3721 1965 3782 Apostolice
1989 3721 2198 3780 potcstatis
2215 3714 2344 3775 pleni-

1355 3784 1499 3831 tudine
1514 3814 1530 3840 ,
1559 3786 1737 3830 Decreta
1762 3781 1947 3839 predicta
1961 3811 1974 3835 ‚
1989 3796 2084 3826 cum
2099 3777 2283 3825 omnibus
2300 3775 2341 3819 δι

1354 3845 1516 3903 singulis
1529 3841 1569 3889 in
1580 3843 1639 3890 cis
1652 3844 1872 3896 contentis,
1886 3851 2030 3887 tcnorc
2052 3837 2342 3902 presentium-a

2193 3912 2286 3957 pcr-
