2496 4172
294 160 471 244 430

236 280 475 324 recitaverit
489 309 506 333 ,
536 280 601 324 vel
615 282 658 324 in
675 282 867 325 Domina
898 282 1124 326 Christiana
1154 284 1218 325 in-

235 340 387 382 struere
400 369 414 391 ,
430 343 495 384 vel
509 353 740 384 carceratos
757 372 773 392 ,
806 343 869 385 vel
888 341 1063 384 infirmos
1085 341 1215 397 cujus-

236 413 411 455 cumque
427 399 631 456 hospitalis
662 403 845 448 vifitare,
878 401 939 441 vel
970 402 1217 456 pauperibus

236 458 472 502 succurrere
486 487 503 511 ,
516 460 579 500 vel
596 458 716 501 Mitrae
745 458 953 508 intercise,
987 461 1049 501 vel
1070 460 1091 512 (
1110 460 1135 499 fi
1151 461 1216 499 Sa-

236 516 382 561 cerdos
414 517 495 576 fir)
522 531 612 559 eam
642 518 851 560 celebrare
873 516 1158 566 consueverit,
1176 518 1216 557 δι

236 577 339 619 vere
369 578 583 633 penitens,
609 577 650 617 δι
681 576 805 630 penes
835 574 1133 618 Confeffarium
1164 577 1213 616 ab

232 635 458 679 Ordinatio
486 635 749 688 approbatum
778 632 973 675 confeffus
988 633 1139 681 suerit,
1170 634 1211 675 in

235 706 493 749 quocumque
508 690 831 746 subsequentium
856 691 1038 738 dierum,
1068 691 1212 732 videli-

234 764 299 793 cet
317 750 552 791 Nativitatis
584 749 749 791 Domini
775 747 911 790 Nostri
925 747 1011 802 Jesu
1027 747 1211 799 Christi,

234 806 499 862 Epiphaniae,
532 805 858 848 Resurreaionis
883 833 899 856 ,
930 803 1207 856 Ascenfionis,

234 863 486 908 pentecostes
497 875 515 914 3
532 864 571 903 in
590 861 693 902 fenis
705 862 955 903 Sanfflffimae
978 863 1212 912 Trinitatis,

233 937 279 965 ac
294 921 489 975 Corporis
504 919 696 967 Domini,
713 920 753 959 in
771 917 876 960 fenis
894 917 1210 970 purificationis,

232 979 523 1032 Conceptionis
538 1006 551 1027 ,
583 975 939 1024 Annuntiationis,
967 973 1211 1031 Affumptio·

229 1038 292 1082 nis
307 1063 321 1085 ,
350 1037 390 1077 &
408 1035 647 1079 Nativitatis
666 1036 711 1076 Β.
728 1036 781 1077 V.
797 1035 931 1077 Μαι-ἑκ
944 1063 957 1086 ,
988 1034 1055 1077 die
1076 1036 1212 1089 primo

231 1095 689 1143 Novembrisfimnibus
705 1095 854 1136 sanetis
869 1092 978 1136 sacro
992 1121 1006 1145 ,
1020 1107 1067 1135 ac
1091 1094 1133 1136 in
1145 1093 1212 1136 die

229 1154 329 1196 festo
355 1158 397 1198 S.
416 1153 619 1197 Benedicti
646 1156 810 1197 Sacram
837 1152 1012 1208 Synaxin
1041 1150 1210 1209 sumpse-

227 1215 315 1265 rit,
342 1215 382 1256 δι
397 1227 475 1270 pro
486 1213 764 1268 extirpatione
793 1210 1014 1263 haetesfim,
1038 1211 1076 1253 &
1091 1207 1210 1255 schis-

230 1283 412 1321 matum,
442 1286 521 1327 pro
538 1271 652 1315 Fidei
670 1273 894 1316 Catholicae
921 1272 1205 1323 incremento,

228 1346 278 1375 ac
294 1345 372 1387 pro
386 1345 481 1387 pace
496 1359 512 1383 ,
524 1332 564 1373 &
579 1331 799 1375 concordia
821 1330 1056 1385 Principum
1081 1332 1206 1373 Chri·

228 1392 451 1434 stianorum
462 1416 479 1438 ,
503 1404 550 1433 ac
562 1390 650 1432 aliia
665 1393 816 1435 Saudo
849 1387 1031 1433 Ecclefiae
1045 1388 1205 1433 neceffi·

230 1450 382 1492 tatibus
397 1450 483 1504 pias
496 1448 545 1490 ad
575 1450 706 1492 Deum
728 1463 867 1503 preces
882 1447 1070 1493 effuderit
1085 1475 1100 1498 ,
1130 1448 1207 1491 illo

227 1508 296 1551 die
312 1507 580 1551 remiffionem
609 1508 792 1552 omnium
819 1517 1082 1563 peccatorum
1114 1506 1205 1551 suo-¹

226 1582 320 1612 rum
341 1595 358 1620 ,
397 1568 437 1610 δι
461 1566 752 1623 indulgentiam
794 1566 1025 1623 plenariam
1062 1567 1202 1610 conse·

257 1636 377 1669 natur
390 1656 402 1668 .

226 1641 253 1684 q
288 1688 344 1728 11.
405 1686 492 1741 Qui
524 1684 693 1742 idipsum
726 1686 765 1728 in
781 1685 868 1728 aliis
883 1683 983 1727 festis
1010 1684 1204 1734 Domini,

226 1744 272 1786 B.
293 1745 343 1784 V·
359 1747 495 1787 Maria
512 1772 524 1791 ‚
536 1746 606 1786 SS.
623 1745 944 1798 Apostolorum,
963 1739 1175 1798 S.Joscphi
1189 1770 1204 1794 ,

223 1803 438 1846 SS.Mauri
452 1831 466 1854 ‚
480 1805 519 1844 8(
539 1802 717 1854 Placidi,
745 1799 996 1843 Scholastica:
1011 1826 1025 1847 2
1038 1802 1075 1842 δι
1093 1802 1203 1845 Ger,-

225 1861 375 1912 trudis,
391 1861 556 1902 Ordinis
573 1861 705 1901 Saneti
722 1859 926 1902 Benedicti
939 1888 953 1911 ‚
970 1861 1171 1915 peregerit
1184 1886 1201 1911 ,

226 1921 267 1962 in
299 1919 482 1973 quolibet
514 1919 714 1961 didorum
744 1918 902 1961 dierum
946 1917 1097 1973 septem
1127 1931 1200 1961 an·

223 1992 296 2021 nos
313 1979 355 2019 δι
376 1977 551 2020 totidem
566 1977 840 2035 quadragenas
853 1975 1122 2034 Indulgentioe
1140 1976 1200 2020 lu-

223 2038 428 2080 crabitur.

279 2097 359 2139 111.
417 2095 622 2155 Qiuna,
654 2096 716 2140 vel
745 2096 926 2152 pluribus
943 2097 1097 2141 vicibus
1127 2111 1199 2155 per

224 2154 335 2198 diem
366 2156 504 2199 dicere
519 2156 801 2201 consueverit:
832 2155 1109 2215 Benedlffastr
1118 2167 1199 2214 pu-

219 2213 392 2272 rffna‚
410 2215 465 2265 ῥ’
477 2219 732 2259 immaculata
750 2218 957 2272 conceptio
976 2246 990 2269 ,
1019 2214 1141 2260 semel
1158 2216 1198 2259 in

220 2274 290 2316 die
302 2287 373 2330 40.
390 2277 479 2318 dies
495 2275 763 2331 Indulgentiae
775 2274 955 2319 lucretur
971 2303 983 2315 .

278 2334 355 2375 1v.
413 2334 599 2390 Quilibet
614 2361 631 2383 ‚
645 2334 713 2389 qui
731 2330 944 2376 Rosarium
957 2360 973 2384 ‚
1004 2334 1068 2376 vel
1083 2347 1201 2376 coro-

223 2405 315 2435 nam
330 2393 376 2434 B·
394 2393 447 2433 V.
461 2391 600 2434 Maria
628 2391 669 2432 in
684 2389 794 2433 illiua
808 2390 1044 2445 puriffimae,
1068 2393 1108 2434 δι
1124 2391 1199 2434 im-

218 2450 432 2493 maculata
455 2450 754 2504 conceptionis
777 2449 973 2493 bonorem
997 2452 1199 2495 recitave-

218 2511 299 2558 rit,
325 2508 504 2562 rogando
530 2510 695 2549 Beatam
728 2507 938 2559 Virginem
968 2532 983 2557 ,
1015 2516 1057 2549 ut
1089 2507 1195 2563 apud

218 2567 413 2610 Divinum
446 2565 593 2608 Filium
625 2562 738 2607 suum
760 2578 835 2620 pro
864 2579 916 2609 eo
935 2566 1196 2619 intercedat,

214 2636 415 2683 quatenus
433 2623 510 2668 sine
524 2634 693 2680 peccato
707 2623 875 2668 mortali
894 2625 1004 2669 vivat
1022 2654 1035 2679 ,
1058 2627 1097 2669 δι
1114 2639 1202 2669 mo·

215 2686 344 2729 riatur
371 2711 386 2735 ,
416 2683 568 2742 septem
600 2696 724 2727 annor
756 2682 1026 2742 ludulgentioe
1060 2684 1200 2730 conse-

246 2753 392 2788 uatur.

215 2759 241 2802 q
274 2805 330 2847 V.
390 2803 475 2858 Qii
493 2802 678 2860 quotidie
694 2815 769 2858 pro
786 2802 1059 2860 extirpatione
1071 2804 1196 2847 birre-

214 2862 300 2906 ri‘im
314 2865 477 2917 orabit,
506 2863 616 2906 omni
649 2860 868 2919 septimana
899 2875 969 2907 ao.
985 2877 1111 2908 annot
1125 2865 1194 2908 ln-

217 2923 432 2977 dulgentioe
444 2924 654 2965 obtineatt

276 2981 351 3022 Vl.
412 2980 630 3042 Quilibet,
661 2981 730 3038 qui
758 2981 950 3039 vespere,
980 2993 1195 3041 antequam

215 3040 399 3083 cubitum
433 3051 528 3093 eat,
558 3053 725 3083 examen
758 3039 831 3085 suae
861 3041 1110 3087 conscientia:
1137 3040 1193 3086 fa·

214 3099 296 3142 ciet
311 3127 324 3150 ‚
337 3099 378 3141 ἅ
389 3100 598 3156 quinquies
616 3103 731 3143 Pater
747 3100 872 3159 aester
895 3102 935 3144 δι
951 3105 1034 3145 Ave
1051 3103 1192 3146 Mam

214 3158 398 3201 recitabit
411 3172 504 3201 cum
524 3157 776 3204 eonsessionia
791 3159 1000 3217 proposito
1013 3187 1028 3210 ‚
1040 3173 1190 3204 annum

215 3216 483 3274 Indulgentioe
495 3217 768 3276 consequatur
782 3245 797 3269 ‚
810 3221 852 3262 δι
865 3221 892 3262 si
909 3218 1104 3264 conseil'ua
1119 3247 1133 3271 ‚
1149 3220 1191 3262 δι

215 3276 535 3321 communicatur
550 3274 703 3333 suerit,
728 3277 799 3322 illo
827 3277 894 3321 die
907 3279 1050 3324 decem
1063 3292 1189 3322 annot

213 3335 332 3378 lndul
364 3337 478 3381 entioe
490 3337 699 3394 acquirat.

272 3396 331 3438 Vl
429 3397 689 3454 Quicumque
716 3396 967 3454 devotione,
990 3412 1108 3457 quam
1121 3411 1188 3442 er-

217 3467 265 3507 ga
293 3458 332 3497 S.
344 3453 591 3511 josephum,
620 3459 661 3500 S.
677 3460 889 3510 Maurum,
913 3461 954 3502 S.
969 3456 1187 3503 Scholasti-

215 3525 304 3552 ἔδω
317 3538 331 3562 2
361 3515 399 3556 Gt
414 3516 454 3556 S.
470 3516 720 3562 Gertrudem
733 3520 836 3573 gerit
851 3543 866 3567 ‚
898 3529 1055 3569 mutua,
1081 3516 1185 3575 psal-

988 136 1507 223 Monumenta

1277 294 1358 324 tem
1373 280 1594 328 concedat,
1614 291 1706 322 100.
1721 278 1807 321 dies
1831 277 2100 335 Indulgentiae
2117 280 2255 324 conse-

1277 350 1460 443 quaiikiil..
1519 397 1603 452 Qui
1621 397 1739 438 semel
1756 393 1896 438 saltem
1912 410 1984 452 per
1996 395 2255 452 septimanam

1278 462 1487 502 Coronam
1501 485 1516 509 ,
1531 457 1593 500 vel
1612 457 1822 498 Rosariuru
1835 484 1850 507 ,
1864 455 1929 498 vel
1946 453 2137 498 Officium
2152 457 2255 498 Rea-

1277 529 1326 560 tae
1356 517 1535 573 Virginis
1562 515 1699 559 Mariae
1715 545 1729 568 ‚
1754 515 1816 556 vel
1845 519 2107 557 Mor-tuorum
2139 539 2155 563 ,
2187 514 2250 557 vel

1278 577 1466 632 Vesperas
1479 602 1493 623 ,
1507 578 1547 618 δι
1561 578 1816 618 Nocturnum
1829 573 1977 616 saltem
1992 588 2083 616 cum
2104 572 2255 617 Laudi-

1272 636 1347 677 bus
1358 663 1374 687 ,
1388 636 1451 677 vel
1475 637 1628 690 septem
1643 632 1822 677 Psalmos
1835 633 2130 690 penitentiales
2154 644 2252 674 eum

1272 694 1438 736 Litaniis
1451 721 1466 743 ,
1477 694 1518 734 δι
1530 691 1606 735 suis
1619 693 1875 735 orationibus
1888 719 1903 742 ,
1922 692 2048 735 velex
2062 690 2249 733 devotio-

1269 765 1320 792 ne
1333 763 1427 804 erga
1444 751 1728 794 sanetiffimum
1746 750 2007 807 Nomenjesu
2020 780 2035 803 ,
2052 751 2114 792 vel
2133 750 2255 806 quiu-

1269 822 1350 862 que
1365 806 1531 849 vulnera
1540 809 1752 863 quinquies
1771 812 1888 854 Pater
1917 811 2049 867 noster
2062 838 2078 861 ‚
2110 811 2152 851 δι
2167 811 2249 851 Ave

1270 867 1411 907 Marta
1425 891 1440 914 ,
1471 864 1535 906 vel
1567 865 1844 919 Antiphonem
1877 869 1958 910 sub
1985 880 2102 911 tuum
2124 865 2253 924 prest-

1271 922 1380 963 dium
1392 935 1486 962 cum
1499 934 1749 979 quacumque
1761 924 1950 968 oratione
1982 929 2164 969 Mariana
2179 940 2251 982 ap-

1273 980 1446 1035 probata
1459 979 1692 1023 recitaverit
1709 1008 1725 1031 ,
1755 982 1830 1025 illo
1847 983 1916 1027 die
1928 1011 1943 1036 ,
1974 999 2058 1041 quo
2080 984 2123 1027 id
2142 983 2250 1028 fece·

1273 1039 1353 1087 rit,
1367 1037 1546 1078 lucretur
1567 1049 1660 1080 100·
1677 1038 1765 1081 dies
1783 1040 2047 1097 Indulgentiie
2061 1071 2076 1085 -

1331 1097 1410 1140 IX.
1475 1095 1561 1156 Qi
1588 1095 1827 1138 recitaverit
1856 1100 2247 1158 qualemcumque-a

1272 1156 1499 1197 orationem
1514 1156 1838 1211 preparatoriam
1851 1156 1902 1199 ad
1918 1159 1958 1199 S.
1971 1156 2127 1200 Miffam
2138 1179 2168 1209 ,·
2178 1160 2252 1207 vel

1273 1213 1619 1258 Communionem
1652 1240 1667 1265 ,
1697 1214 1761 1257 vel
1793 1215 2080 1260 recitationem
2110 1213 2256 1261 Officii

1272 1272 1436 1316 Domini
1447 1273 1573 1316 nostri
1588 1302 1603 1326 ‚
1635 1273 1699 1316 vel
1719 1276 1762 1316 Β.
1782 1275 1988 1330 Virginis,
2017 1277 2141 1322 toties
2173 1288 2246 1330 50.

1268 1331 1355 1379 dies
1371 1331 1638 1389 tndulgenriae
1649 1331 1920 1390 consequatur
1933 1364 1944 1376 .
2080 1344 2081 1347 ’
2248 1365 2252 1374 ,

1325 1395 1380 1436 Χ.
1438 1394 1524 1448 Qui
1540 1402 1769 1437 carceratos
1781 1419 1797 1443 ,
1821 1395 1886 1439 vel
1901 1393 2083 1439 Infirmos
2098 1394 2248 1452 Hospi-

1266 1451 1406 1494 talium
1421 1452 1594 1496 vilitabit
1607 1478 1623 1503 ,
1650 1466 1723 1496 eos
1742 1453 1809 1507 pio
1837 1467 1965 1510 opere
1973 1455 2211 1511 adjuvando
2225 1482 2251 1507 2

1265 1512 1331 1555 vel
1347 1512 1386 1553 in
1402 1510 1580 1554 Ecclesia
1593 1540 1608 1565 ‚
1626 1512 1688 1555 vel
1710 1513 1834 1557 Domi
1856 1514 1894 1555 in
1912 1515 2105 1558 Doctrina
2119 1514 2247 1558 Chri-

1264 1571 1384 1613 stiana
1402 1568 1531 1618 filios,
1548 1581 1753 1626 parentes,
1769 1573 1832 1616 vel
1848 1573 1981 1617 servos
1996 1572 2252 1625 instruendo,

1265 1632 1374 1672 ultra
1390 1628 1665 1684 indulgentias
1689 1629 1767 1687 jam
1790 1632 1890 1676 alias
1905 1634 1930 1677 a
1944 1633 2116 1674 Summis
2133 1633 2238 1675 Pon·

1267 1687 1440 1732 tificibus
1465 1686 1664 1732 conceffas
1680 1717 1694 1741 ,
1722 1688 1900 1746 qualibet
1916 1691 2005 1735 vice
2017 1702 2120 1736 200.
2155 1690 2242 1735 dies

1266 1747 1535 1802 Indulgentiae
1552 1747 1735 1792 lucretur
1749 1777 1762 1791 .

1322 1805 1397 1846 xl.
1459 1805 1544 1859 Qui
1559 1805 1627 1847 die
1640 1806 1807 1848 Veneris
1832 1807 2053 1850 Paffionem
2077 1807 2248 1861 Domini

1262 1862 1396 1906 Nostri
1415 1863 1506 1918 Jeiii
1533 1862 1684 1906 Christi
1697 1862 1848 1907 devote
1874 1865 2139 1909 meditabitur
2155 1891 2170 1915 ,
2200 1866 2243 1908 Gt

1259 1922 1392 1965 tribus
1424 1922 1575 1965 vicibus
1610 1925 1725 1965 Pater
1749 1923 1912 1982 nster,
1941 1925 1980 1967 Bt
2005 1928 2088 1968 Ave
2104 1925 2243 1970 Maria

1260 1980 1524 2030 recitaverit,
1554 1981 1629 2026 illo
1660 1981 1728 2027 die
1747 1993 1841 2029 100.
1855 1982 1941 2028 dies
1969 1983 2249 2040 Indulgentia-

1260 2041 1528 2095 adipiscatur.

1317 2102 1419 2143 ΧΠ.
1480 2102 1566 2162 Qi
1595 2101 1887 2147 sanaiffimum
1908 2105 2214 2148 Sacramentum
2228 2129 2243 2154 ,

1259 2160 1427 2218 quando
1457 2174 1533 2216 pro
1550 2161 1712 2206 viatico
1741 2162 1793 2206 ad
1817 2161 1997 2206 infirmos
2020 2171 2211 2219 portatur
2227 2187 2244 2213 ,

1260 2219 1555 2274 comitabitur,
1580 2230 1722 2278 proeter
1746 2221 2027 2280 Indulgentiae
2051 2222 2125 2278 pio
2146 2219 2249 2265 huie.

1260 2278 1373 2378 ope¹ri
1386 2281 1467 2379 ian:
1480 2279 1857 2336 conceffia,septem
1873 2294 2000 2324 annua
2019 2279 2243 2333 Indulgen-

1260 2347 1322 2379 ιη
1352 2350 1447 2379 uera
1470 2351 1543 2380 ur.

1318 2395 1439 2438 xm.
1499 2394 1585 2452 Qi
1612 2407 1663 2438 ex
1698 2393 1923 2441 devotione
1952 2410 2051 2453 erga
2090 2395 2240 2440 Panio-

1260 2468 1352 2496 nem
1377 2454 1540 2496 Domini
1559 2453 1792 2508 NostriJesu
1808 2455 1956 2498 Christi
1981 2453 2090 2496 feriis
2117 2453 2237 2499 sextis

1258 2525 1331 2568 per
1345 2523 1495 2554 annum
1507 2536 1523 2561 ,
1540 2510 1603 2552 vel
1617 2523 1667 2553 ex
1679 2509 1903 2567 devotione
1915 2524 2012 2568 erga
2028 2512 2127 2555 ΒΝ.
2146 2511 2241 2558 Μι-’

1260 2573 1362 2613 riam
1388 2570 1533 2614 diebut
1564 2569 1755 2612 sabbathi
1785 2570 1977 2628 jejunabit
2004 2598 2020 2621 ‚
2076 2572 2236 2616 uolibet

1260 2629 1543 2687 predictorum
1556 2628 1714 2672 dierum
1730 2630 2030 2684 Indulgentiam
2065 2640 2237 2688 eptem..

1260 2702 1455 2733 annorum
1469 2713 1485 2737 ,
1499 2688 1540 2730 ἃ
1554 2687 1733 2731 totidem
1760 2689 2102 2747 quadragenarum
2133 2682 2241 2733 con-v

1259 2749 1450 2806 sequetur
1465 2747 1527 2799 ,ἃ
1545 2745 1604 2790 illi
1621 2775 1636 2799 ‚
1648 2746 1715 2802 qui
1731 2746 1895 2791 confessi
1909 2776 1925 2802 ,
1953 2748 1992 2790 δι
2006 2747 2233 2791 communi-

1257 2808 1339 2852 eati
1362 2821 1433 2864 per
1461 2806 1664 2863 integrum
1690 2820 1837 2851 annum
1865 2806 2092 2864 predictam
2106 2806 2233 2851 devo·

1256 2867 1411 2911 tionem
1425 2866 1687 2924 peregerint,
1701 2864 1911 2912 lucrentur
1924 2864 2233 2924 Indulgentiam

1257 2926 1478 2984 plenariam
1491 2954 1507 2979 ,
1520 2938 1638 2983 quam
1653 2926 1690 2968 δι
1706 2925 1731 2967 ii
1746 2928 2040 2983 consequentur
2051 2955 2065 2982 ‚
2091 2925 2159 2982 qui
2172 2923 2239 2969 in«

1256 2997 1318 3029 tra
1335 2999 1482 3029 annum
1498 2986 1755 3036 moriuntur,
1787 2983 1926 3029 habita
1945 2994 2082 3029 tamen
2097 2984 2232 3029 inten-

1254 3046 1366 3089 tione
1377 3045 1489 3088 illam
1501 3043 1734 3102 complendi
1747 3073 1760 3088 .
2045 3078 2048 3082 ,
2230 3055 2238 3071 ⁹

1310 3105 1431 3148 xlv.
1492 3106 1577 3167 Qi
1590 3114 1654 3149 ter
1672 3105 1786 3147 Pater
1798 3104 1927 3163 noster
1938 3107 1979 3150 dt
1993 3108 2072 3151 Aue
2090 3104 2233 3148 Mario

1250 3178 1325 3222 pro
1342 3162 1545 3208 fidelibus
1572 3165 1611 3207 in
1642 3162 1809 3209 tranfitu
1826 3163 2055 3210 constitutis
2071 3164 2228 3208 recita-n

1251 3224 1352 3269 verit
1366 3250 1380 3273 ‚
1394 3237 1466 3279 40.
1479 3222 1565 3268 dica
1582 3221 1844 3279 indulgentia·
1873 3222 2141 3282 consequatur
2153 3250 2166 3265 .

1310 3284 1406 3327 XV·
1465 3282 1553 3341 Qui
1566 3282 1758 3339 exemplo
1773 3281 1837 3327 vel
1865 3281 2032 3328 contilio
2045 3282 2115 3327 suo
2129 3292 2222 3337 pec·

1247 3351 1430 3386 catorem
1455 3343 1504 3387 ad
1539 3342 1805 3401 penitentiam
1818 3341 1988 3386 reducet
2003 3367 2018 3394 ,
2034 3337 2188 3385 veniam
2205 3365 2219 3389 ‚

1248 3403 1289 3445 δι
1302 3398 1577 3446 remisrionem
1606 3402 1735 3446 tertie
1749 3401 1874 3459 partia
1887 3411 2084 3459 penarum
2113 3396 2223 3440 illius

1249 3470 1388 3518 peccat
1399 3460 1429 3503 ii
1445 3461 1676 3506 debitarum
1692 3460 1903 3504 obtineat.

1307 3521 1422 3563 xvi.
1483 3521 1564 3581 Qi
1590 3515 1785 3564 consess'ur
1815 3515 1965 3567 suerit,
1994 3515 2034 3558 δι
2051 3516 2212 3558 Sacram

217 3581 324 3610 mum
343 3573 613 3625 misereremei
632 3578 736 3619 Dent
755 3604 769 3630 ,
802 3577 866 3621 vel
883 3579 1092 3634 quinquie·
1114 3579 1184 3620 Pa-
1244 3580 1422 3636 Synaain
1440 3578 1480 3622 in
1494 3580 1635 3623 diebu·
1650 3581 1772 3635 Cenat
1785 3574 1975 3623 Domini,
1989 3575 2025 3617 &t
2045 3572 2216 3619 Pascha-

214 3636 278 3668 ην
293 3629 474 3693 noster&
492 3637 571 3675 Ave
589 3636 728 3681 Maria
754 3637 970 3691 recitabit,
1000 3638 1182 3691 orando,
1244 3641 1296 3683 tir
1325 3636 1559 3693 sumpserit,
1582 3639 1623 3680 δι
1651 3634 1838 3679 Divinam
1853 3633 2103 3691 Maiestatem
2137 3647 2212 3691 pro

218 3696 259 3725 ‘³‘
277 3686 383 3729 [κω
410 3701 480 3742 ΡΝ
498 3691 658 3735 'Horum
692 3695 1009 3741 intercetlinnem
1037 3696 1181 3741 Ecclc·
1241 3700 1389 3741 sanein
1402 3696 1547 3740 Matris
1564 3695 1749 3738 Ecclesia
1762 3692 2022 3740 exaltatione,
2044 3695 2084 3736 8ι
2100 3695 2217 3737 Sum-

218 3741 307 3782 tiam
324 3742 430 3787 suam
443 3749 647 3805 conferret
662 3778 677 3803 ‚
693 3755 761 3797 (ibi
778 3756 875 3799 vero
895 3754 1053 3800 felicem
1068 3768 1179 3800 mor·
1240 3758 1292 3799 ml
1309 3752 1517 3801 pontificia
1530 3751 1838 3797 conservatione
1865 3754 2095 3797 exoraverit
2113 3779 2127 3803 ‚
2158 3752 2219 3794 ln·

2073 3808 2167 3855 dul·
