2496 4172
1006 130 1502 251 eApQstollCa.
1995 208 2001 214 .
2030 174 2197 257 309

259 276 355 320 dnm
369 276 520 318 animas
535 275 696 320 Christo
722 275 759 319 in
773 276 906 331 Sylvis
935 276 1084 320 &foris
1101 278 1356 332 qum-ebant,
1385 273 1456 318 sub
1483 275 1593 317 vario
1614 284 1914 320 tormentorum
1937 296 2126 336 apparatu
2145 291 2266 330 vitam

255 336 543 391 perdiderunt:
558 336 642 385 alii,
663 345 706 379 ut
720 335 853 390 sapius
869 337 906 377 &
923 337 1070 387 lentius
1083 346 1355 388 morerentur,
1368 348 1459 377 cum
1482 336 1550 377 Fr.
1564 334 1775 377 Hilarione
1790 333 2040 386 a-Roscovm,
2055 343 2204 382 diutius
2227 346 2267 384 in

258 393 507 450 mancipatus
523 396 706 438 aerutnnis
721 395 763 436 δι
776 395 926 437 catenis
942 396 1076 438 vivere
1091 395 1293 439 debebant
1308 423 1321 435 .
1350 395 1416 436 Fr.
1435 392 1607 436 Tuffano
1622 390 1900 436 Landernienfi
1919 394 2177 441 Gubernator
2194 401 2269 439 Ba-

260 453 436 507 byloniae
452 482 468 505 ,
496 454 534 496 in
551 455 632 511 ipsa
647 451 779 508 insigni
793 453 859 495 die
873 452 1136 496 iblemnitatis
1149 482 1164 506 ,
1190 453 1452 497 Portiuncule
1467 451 1605 500 dieta,
1635 463 1833 493 venenum
1852 452 2053 505 propinari
2070 453 2171 505 juffit
2188 484 2202 504 ,
2217 468 2269 496 ne

260 513 414 556 diutius
427 541 444 564 ,
471 513 645 569 quietim
661 509 855 553 dissolutae
871 509 958 555 vitae
972 522 1157 566 argueret
1168 541 1184 563 ,
1210 511 1349 556 audire
1362 510 1533 553 deberet
1544 537 1555 549 .
1589 509 1672 552 Alii
1689 510 1727 551 in
1745 509 1860 565 plebe
1875 509 2094 552 cachinnos
2109 535 2123 555 ‚
2151 513 2189 551 in
2206 510 2271 552 fo-

259 572 317 613 cis
332 572 547 628 opprobria
558 597 573 621 ,
597 572 636 613 in
653 567 876 612 occursibus
893 570 1102 612 maledieta
1115 598 1130 622 ,
1156 572 1197 613 &
1213 570 1249 612 in
1264 569 1531 627 congressibus
1555 569 1907 612 contradictiones
1922 567 2079 622 experti
2094 564 2178 607 sunt
2191 568 2270 606 διε.

263 632 365 672 Tam
379 633 480 674 dura
506 641 636 673 tamen
651 627 935 670 insensatorum
952 627 1101 672 sei-ocia
1127 643 1208 672 non
1222 631 1366 673 minuit
1383 627 1717 671 Mislionariorum
1732 628 1894 674 zelum,
1922 625 1987 668 sed
2010 636 2178 667 econtra
2194 636 2275 663 ma-

260 691 319 744 gis
333 689 450 731 illum
465 687 650 731 accendit
663 699 678 728 ε
706 684 792 741 plus
805 684 959 743 semper
972 687 1110 743 gloriae
1130 692 1250 744 quam
1269 688 1462 745 sanguinis
1475 701 1525 732 ex
1537 687 1693 730 inflictis
1708 687 1886 730 manavit
1903 685 2146 730 vulneribus,
2162 695 2274 722 man·

258 747 383 804 sitque
396 744 595 810 hucusque
606 743 797 787 Minionis
813 746 1037 802 triumphus
1049 747 1259 801 insignitus
1273 748 1384 790 uberi
1400 744 1672 790 conversionis
1687 744 1924 796 fruetussum
1935 745 2044 786 inter
2056 740 2221 785 adultos
2234 741 2274 781 δι

261 805 428 849 infantes
442 833 458 858 ,
484 814 569 847 tum
582 807 692 846 inter
709 804 861 848 nobiles
878 807 916 848 &
934 805 1112 862 plebeios
1125 832 1140 853 ‚
1169 816 1254 848 tum
1268 806 1375 849 inter
1388 804 1567 849 infideles
1584 806 1623 847 &
1638 806 1902 849 schismaticos
1915 802 2092 845 collecto
2104 828 2116 841 .

376 865 432 907 Ut
445 863 567 906 etiam
582 863 666 918 post
679 874 850 906 mortem
865 866 1095 920 Capucinus
1123 866 1337 908 Britannus
1362 863 1566 922 aflumptae
1594 864 1784 908 Mislionis
1801 863 1972 906 fructum
1989 859 2271 914 coadjuvaret,

259 921 323 967 vel
340 922 570 979 perenniter
594 932 787 974 curaret,
814 923 944 967 varios
962 925 1086 967 libros
1115 924 1178 967 vel
1202 921 1434 978 conscripsit
1450 953 1464 976 ,
1491 923 1555 966 vel
1578 924 1792 979 impressit,
1821 924 1912 965 huie
1930 920 2098 962 Miffioni
2123 915 2275 972 potissi·

258 982 366 1024 mtim
382 991 543 1037 aptatos
557 1008 568 1021 .
601 980 843 1034 Composuit
863 983 905 1024 Β.
922 983 1135 1026 Accursius
1147 982 1168 1025 ἑ
1185 982 1328 1026 Castro
1345 997 1480 1034 novo,
1505 982 1649 1038 linguat
1662 983 1848 1026 Arabicae
1875 982 1912 1024 δι
1934 979 2102 1024 Gallicae
2120 976 2274 1023 Dietio-
2311 1013 2316 1019 .

259 1042 414 1083 narium
439 1068 456 1094 ,
497 1039 606 1094 quod
637 1042 675 1081 in
707 1038 842 1095 lingua
870 1040 1040 1083 Arabica
1068 1041 1309 1085 addiscenda
1331 1070 1347 1092 ,
1387 1040 1600 1096 plurimum
1627 1041 1814 1085 novellos
1841 1038 2108 1086 Millionarios
2135 1035 2271 1091 juvat.

257 1098 479 1142 Transtulit
510 1100 552 1140 Β.
568 1099 850 1140 Bonaventura
866 1100 1056 1144 Ludensis
1087 1100 1138 1143 ad
1155 1100 1371 1142 Arabicam
1388 1099 1564 1155 linguam
1581 1127 1596 1150 ,
1630 1099 1732 1142 vitas
1762 1099 2198 1154 plurium-Sanctorum
2224 1092 2277 1135 ab

260 1157 534 1202 Orientalibus
556 1156 761 1212 speciatim
778 1157 980 1201 cultorum
992 1187 1007 1211 ,
1033 1159 1074 1201 δι
1089 1172 1208 1214 opera
1238 1161 1285 1202 Ρ.
1301 1157 1499 1201 Ludovici
1519 1156 1777 1200 Granatensis
1789 1187 1805 1211 ,
1836 1172 1881 1200 ae
1900 1156 2029 1198 varios
2057 1154 2109 1196 de
2123 1151 2276 1207 Myste-

263 1217 335 1260 riis
349 1216 630 1258 sscrrinitatis
649 1244 661 1266 ,
685 1215 1027 1259 &incarnationis
1040 1244 1055 1268 ,
1081 1218 1134 1260 de
1149 1219 1327 1260 Primatu
1344 1217 1535 1258 Romane
1548 1213 1728 1257 Ecclestae
1748 1217 1826 1257 διε.
1860 1213 2038 1268 vulgavit
2054 1214 2273 1254 tractatus.

259 1278 307 1320 F.
325 1275 471 1318 Britius
489 1273 765 1318 Rhedonensis
782 1276 994 1331 Epitomen
1023 1276 1238 1318 Annalium
1256 1273 1616 1318 Ecclesiasticorum
1636 1272 1871 1314 Cardinalis
1892 1270 2054 1313 baronii
2071 1297 2082 1317 ,
2113 1284 2158 1311 ac
2178 1268 2276 1323 Epi-

258 1343 396 1377 tomen
415 1331 630 1374 Annalium
660 1333 805 1375 veteris
822 1334 1197 1390 testamentiJacobi
1216 1333 1361 1376 saliani
1389 1333 1439 1374 ab
1455 1331 1612 1375 Adamo
1639 1330 1762 1387 usque
1786 1330 1836 1372 ad
1853 1328 2058 1372 Christum
2080 1326 2125 1369 ei
2141 1323 2277 1380 perfe-

262 1394 396 1435 fiione
411 1388 642 1460 conscripsit
654 1418 670 1443 ‚
695 1401 743 1457 ’ut
758 1390 875 1435 Sacra
888 1393 1163 1448 congregatio
1175 1392 1226 1434 de
1241 1390 1504 1447 propaganda
1517 1386 1596 1456 side
1615 1403 1721 1431 anno
1741 1390 1867 1444 1653,
1889 1398 2100 1442 utramque
2123 1385 2192 1426 suo
2208 1394 2277 1437 ty-

217 1525 225 1533 ·
257 1448 861 1564 ffiff‘eessdpissfik'i'ffi'fflfflffi
872 1452 1415 1552 rssassssz‘aii'z‘xfufffflssff,
1430 1443 2278 1562 {¹3:332}&igi-{5:2¹3:332032'3523

255 1567 517 1668 ἓξῖἇᾞῧῗηῖ
522 1568 609 1664 ’2ῗέ
599 1565 1394 1668 5:23152223‘322331²3313322⁶n3¹·
1410 1562 1799 1676 fffflssfflsffissff
1802 1560 2272 1662 ‘3322222‘32133‘35‘

1370 1650 1384 1674 ⁵
2251 1640 2271 1648 -

257 1691 319 1726 tes
333 1678 584 1724 confutavit.
621 1683 664 1723 F.
683 1680 912 1725 Franciscua
937 1682 961 1724 a
989 1684 1253 1726 Romorantio
1280 1686 1505 1725 Anatomen
1530 1679 1726 1723 Alcorani
1744 1678 1991 1723 Mahumetis
2018 1672 2243 1731 composuit
2260 1699 2276 1722 ‚

261 1738 454 1797 hujusque
477 1752 636 1783 errores
650 1738 812 1783 stolidos
838 1742 1020 1786 detexit.
1054 1739 1096 1786 Ρ.
1116 1744 1190 1785 lvo
1203 1737 1458 1785 Treeorensis
1487 1737 1538 1780 ad
1555 1737 1749 1841 Missiffiis
1765 1737 1917 1782 bonum
1945 1737 2111 1792 reliquit
2143 1734 2163 1788 (
2179 1745 2278 1789 prae-

260 1810 324 1844 ter
354 1798 454 1841 alios
483 1797 611 1841 libros
640 1798 678 1840 in
707 1799 955 1843 Bibliotheca
985 1802 1243 1856 Scriptorum
1269 1799 1436 1842 Ordinis
1464 1796 1584 1841 nostri
1619 1812 1664 1840 re
1690 1798 1871 1856 enfitos)
1908 1797 2046 1839 flores
2078 1794 2273 1837 Historia-

263 1870 352 1902 rum
367 1857 444 1899 &c.
474 1854 523 1898 ad
538 1854 807 1900 confutandos
822 1859 1061 1908 Baeticos,
1076 1858 1355 1901 schismaticos
1368 1859 1406 1900 &
1419 1854 1572 1898 ancaa
1586 1869 1600 1898 ε
1623 1859 1856 1900 conciones
1878 1854 2002 1897 modo
2014 1851 2277 1896 catechistico

261 1923 608 1974 contrapeccata‚
637 1926 721 1971 quae
740 1917 1056 1959 committuntur
1073 1916 1212 1970 passim
1242 1918 1282 1961 in
1297 1917 1411 1971 Syria
1438 1929 1486 1957 ac
1503 1915 1701 1957 Palaeslina
1716 1917 1794 1957 διε.
1824 1927 1871 1955 ac
1894 1926 1998 1967 opus
2024 1913 2077 1954 de
2103 1908 2279 1954 resurre-

262 1976 395 2018 etione
421 1979 698 2016 mortuorum.
733 1974 965 2018 F-Micbae'l
983 1975 1282 2025 Rhedonensis,
1313 1985 1358 2018 ut
1383 1972 1548 2016 catero's
1575 1972 1734 2026 sileam,
1766 1971 1986 2014 Maronitas
2016 1967 2276 2013 Markalitam

262 2031 485 2077 incolentes
499 2059 514 2084 ‚
544 2031 760 2087 plurimum
794 2032 862 2076 sibi
889 2034 1102 2082 devinxit,
1133 2034 1230 2077 dum
1256 2032 1420 2076 Rituale
1452 2034 1679 2074 Romanum
1692 2059 1708 2082 ‚
1742 2031 1865 2074 libros
1885 2031 2042 2083 Regum
2061 2057 2075 2080 ‚
2107 2026 2276 2081 Sapien-

264 2093 326 2136 tiae
339 2092 418 2133 διε.
451 2090 626 2133 Arabica
643 2090 777 2145 lingua
792 2091 1004 2135 adornavit
1018 2120 1029 2132 .
1061 2094 1165 2149 Qun
1178 2121 1191 2143 ,
1218 2094 1256 2134 δι
1270 2090 1481 2134 novissime
1498 2091 1540 2130 P.
1559 2090 1792 2132 Dorotheus
1809 2090 1830 2131 i
1845 2093 1884 2132 S.
1898 2086 2099 2129 Trinitate
2112 2096 2274 2139 tempo·

264 2166 308 2195 re
323 2179 338 2204 ,
356 2163 439 2206 quo
460 2149 498 2191 in
517 2149 589 2190 hac
608 2149 791 2193 Missione
804 2149 1014 2194 desudavit
1027 2179 1042 2201 ‚
1068 2154 1184 2204 eique
1205 2160 1378 2204 quatuor
1393 2148 1545 2189 vicibus
1576 2160 1648 2189 ceu
1681 2148 1827 2190 Custos
1858 2141 2011 2201 prefuit
2027 2171 2042 2193 ‚
2067 2141 2274 2196 intrepide

265 2208 682 2266 egerit5nuntiabunt
698 2208 956 2260 Annales‚&
972 2207 1070 2252 infra
1089 2208 1276 2249 minutim
1292 2215 1533 2261 tangentur.
1567 2206 1673 2247 Hinc
1701 2207 1911 2248 Britonum
1937 2204 2270 2258 operariorum-s

266 2266 476 2324 progenies
492 2265 532 2306 in
547 2264 662 2320 Syria
677 2266 717 2308 δι
731 2267 931 2310 Palestina
945 2265 1181 2313 eternaturi
1193 2265 1354 2323 gloriosi
1371 2263 1544 2307 nominis
1559 2260 1662 2304 fama
1677 2264 1868 2307 clarescet
1883 2291 1896 2304 .

694 2382 824 2427 Minio
837 2385 916 2427 haec
933 2382 1281 2442 impresentiarum
1304 2389 1483 2427 numerat
1500 2380 1590 2424 loca
1612 2378 1840 2437 sequentia:

389 2497 588 2558 Sidoniam
599 2527 615 2551 ,
631 2497 757 2554 vulgo
770 2498 940 2555 Seydam
953 2528 970 2551 ‚
986 2499 1120 2544 locum
1135 2504 1197 2550 Cu
1204 2498 1392 2543 stodiattis
1409 2528 1423 2552 ,
1440 2496 1652 2543 Abbctt‘am
1668 2525 1682 2548 ‚
1701 2501 1902 2542 Antonin
1930 2493 2135 2541 noviffimc·
2146 2493 2169 2538 a
2179 2492 2272 2535 Mis-

267 2558 442 2603 fionariis
456 2567 694 2613 occupatum
704 2584 718 2607 ‚
733 2556 942 2611 Beryrbum
956 2586 972 2610 ‚
990 2559 1223 2616 Damerstum
1236 2585 1249 2606 ‚
1265 2560 1459 2601 Gaaeraern
1470 2586 1487 2608 ,
1502 2557 1693 2603 salv-am
1704 2582 1720 2605 ‚
1746 2558 1788 2598 ἃ,
1804 2556 1988 2611 Tripolin
2014 2554 2160 2608 Syrie.

196 2783 204 2791 ⁸
269 2766 626 2861 Archiepiscopo
646 2792 802 2843 Edeno
827 2791 1133 2856 Misiionarios
1149 2798 1245 2849 Ca·.

335 2866 520 2984 {iginus
536 2864 559 2911 ὃ
576 2866 731 2914 Gallia
757 2865 987 2964 ablegatos
1004 2883 1238 2917 commen-

271 3075 691 3131 URBANUS
751 3078 972 3128 PAPA'
1041 3079 1238 3128 VIII.

366 3202 596 3247 Venerabilis
610 3208 758 3248 Frater
765 3204 942 3261 salutent
955 3234 970 3257 ,
982 3205 1030 3254 ὸ·
1048 3209 1153 3262 Apo-

490 3262 674 3321 stolicam
687 3262 989 3307 &maimonem
999 3293 1012 3306 .

1298 2804 1389 2834 nem
1423 2789 1600 2834 filiorum
1626 2788 1726 2831 Dei.
1755 2789 1918 2832 Itineris
1943 2783 2161 2831 difficultas
2181 2814 2197 2836 ,
2228 2786 2270 2826 ἃ.

1296 2848 1502 2892 charitatis
1515 2847 1752 2903 magnitudo
1764 2846 1880 2891 facile
1894 2847 1976 2890 illis
1992 2843 2219 2889 conciliabu
2227 2852 2270 2884 nt

1299 2908 1622 2952 benevolentiam
1647 2907 1924 2950 fraternitatis
1943 2907 2037 2947 Tua
2050 2931 2063 2953 ,
2079 2915 2164 2958 quae
2179 2916 2262 2944 non

1300 2969 1451 3024 poterit
1468 2967 1582 3010 certe
1597 2978 1678 3008 non
1693 2965 1818 3009 laetari
1841 2976 1923 3008 tam
1948 2961 2115 3006 eximios
2140 2961 2272 3004 culto-

1301 3026 1417 3070 resin
1436 3036 1592 3082 partem
1608 3022 1923 3068 sollicitudinum
1942 3017 2158 3066 vestrarum
2176 3020 2269 3062 istuc

1300 3085 1519 3128 aRomana
1544 3083 1720 3127 Ecclesia
1747 3083 1930 3139 ablegari
1953 3110 1964 3121 .
1994 3078 2270 3124 Commenda-

1302 3144 1429 3186 vimus
1453 3141 1752 3200 diligentiffime
1779 3142 1924 3199 celeste
1958 3142 2034 3184 hoc
2060 3139 2268 3194 negotium

1302 3203 1535 3246 Venerabili
1568 3202 1698 3247 Fratri
1730 3202 1965 3245 Patriarchae
1983 3198 2238 3242 Antiocheno
2255 3220 2269 3234 .

1299 3262 1494 3317 Cupimus
1515 3263 1554 3304 in
1579 3261 1759 3317 praesenti
1783 3274 1922 3304 rerum
1951 3257 2263 3314 opportunitate

1246 3340 1250 3341 ⁷
1299 3322 1455 3364 enitere
1467 3319 1601 3363 officia
1618 3320 1893 3363 Fraternitatis
1908 3320 1999 3360 Tuae
2010 3344 2025 3365 ,
2039 3313 2180 3371 quibus
2193 3311 2267 3354 de-

350 3379 489 3423 Yriam
501 3405 516 3429 s
535 3379 778 3424 Palaestinam
796 3407 810 3430 ,
834 3381 874 3421 &
891 3381 1107 3436 AEgyptum
1121 3406 1136 3429 ,
1151 3381 1234 3422 Re·

369 3439 506 3494 giones
536 3439 636 3482 olim
668 3440 781 3484 Coeli
798 3438 1076 3495 indulgentis,
1106 3441 1144 3480 δι
1159 3439 1233 3480 mi-

195 3498 198 3500 ’
271 3499 502 3543 traculorum
516 3499 643 3554 gloria
658 3499 913 3542 dominantes
930 3527 945 3551 ,
974 3511 1080 3541 nunc
1097 3507 1232 3539 autem

269 3552 341 3596 sub
364 3554 675 3614 alienigenarum
702 3558 798 3614 jugo
821 3559 1025 3612 captivas,
1051 3555 1233 3612 perunte

272 3613 497 3657 Galliarum
515 3618 659 3672 Regno
671 3621 693 3662 a
713 3614 918 3660 Pontificia
930 3615 1130 3659 charitate
1139 3627 1238 3657 evo-

273 3675 353 3716 cati
368 3704 380 3724 ,
397 3674 636 3717 Sacerdotes
652 3676 849 3732 Capucini
864 3702 878 3723 ‚
893 3685 938 3718 ut
952 3676 1100 3717 animas
1114 3673 1239 3716 Chri-

272 3731 522 3788 insanguine-
543 3736 775 3791 redemptas
801 3732 966 3777 afferant
992 3735 1030 3777 in
1048 3732 1237 3787 adoptio-

1296 3380 1440 3423 beatur
1462 3380 1687 3424 benedictio
1716 3379 1925 3426 Ecclefiae,
1949 3376 1988 3416 8ι
2002 3370 2266 3416 beneficentia

1294 3437 1503 3482 Pontificia
1514 3452 1528 3481 ε
1544 3438 1715 3481 nostram
1731 3436 1849 3491 plane
1866 3434 2109 3477 voluntatem
2125 3430 2263 3472 deme-

1293 3498 1444 3541 reberis
1458 3526 1473 3548 ,
1501 3496 1525 3538 si
1539 3509 1680 3539 omnes
1704 3493 1979 3549 Apostolicum
2010 3502 2151 3533 munus
2169 3484 2261 3529 fun-

1292 3564 1431 3611 gentes
1446 3583 1461 3606 ,
1478 3554 1672 3608 praecipue
1690 3553 1789 3595 vero
1811 3552 1994 3595 Gallicos
2014 3547 2262 3603 Capucinos,

1296 3609 1450 3672 perfrui
1465 3613 1635 3656 volueris
1649 3613 1762 3655 uberi
1787 3621 1986 3665 proventu
2013 3605 2263 3650 benevolen-

1297 3674 1361 3716 tiae
1377 3675 1497 3720 Tuae,
1514 3672 1626 3727 quod
1644 3670 1835 3713 Officium
1859 3673 1948 3712 Deo
1979 3665 2130 3721 petenti
2145 3665 2262 3706 debi-

1296 3742 1382 3775 tum
1395 3757 1409 3779 2
1429 3732 1524 3773 dum
1542 3731 1672 3772 Roma
1688 3729 1815 3787 sperat
1829 3756 1844 3781 ,
1865 3729 2075 3772 Paternam
2090 3723 2261 3825 bgnedi-

2152 3796 2211 3824 io·
