<?xml version="1.0" encoding="UTF-8"?>
<!DOCTYPE html PUBLIC "-//W3C//DTD XHTML 1.0 Transitional//EN"
    "http://www.w3.org/TR/xhtml1/DTD/xhtml1-transitional.dtd">
<html xmlns="http://www.w3.org/1999/xhtml" xml:lang="en" lang="en">
 <head>
  <title>
</title>
<meta http-equiv="Content-Type" content="text/html;charset=utf-8" />
  <meta name='ocr-system' content='tesseract 3.04.00' />
  <meta name='ocr-capabilities' content='ocr_page ocr_carea ocr_par ocr_line ocrx_word'/>
</head>
<body>
  <div class='ocr_page' id='page_1' title='image "./bullariumordinis07cath/bullariumordinis07cath_0112.png"; bbox 0 0 2508 4218; ppageno 0'>
   <div class='ocr_carea' id='block_1_1' title="bbox 335 247 1315 598">
    <p class='ocr_par' dir='ltr' id='par_1_1' title="bbox 335 247 1315 598">
     <span class='ocr_line' id='line_1_1' title="bbox 395 247 503 331; baseline -0.009 -30"><span class='ocrx_word' id='word_1_1' title='bbox 395 247 451 331; x_wconf 84' lang='lat'>9</span> <span class='ocrx_word' id='word_1_2' title='bbox 461 255 503 300; x_wconf 76' lang='grc'>1-</span> 
     </span>
     <span class='ocr_line' id='line_1_2' title="bbox 335 362 1313 422; baseline -0.005 -10"><span class='ocrx_word' id='word_1_3' title='bbox 335 367 524 412; x_wconf 86' lang='lat' dir='ltr'>omnibus</span> <span class='ocrx_word' id='word_1_4' title='bbox 537 365 586 408; x_wconf 88' lang='lat' dir='ltr'>iis</span> <span class='ocrx_word' id='word_1_5' title='bbox 599 392 616 418; x_wconf 85' lang='lat'>,</span> <span class='ocrx_word' id='word_1_6' title='bbox 626 365 679 413; x_wconf 82' lang='lat' dir='ltr'>ad</span> <span class='ocrx_word' id='word_1_7' title='bbox 693 380 798 422; x_wconf 87' lang='lat' dir='ltr'>quos</span> <span class='ocrx_word' id='word_1_8' title='bbox 814 363 960 420; x_wconf 67' lang='lat' dir='ltr'>spectat</span> <span class='ocrx_word' id='word_1_9' title='bbox 972 387 988 410; x_wconf 95' lang='lat'>,</span> <span class='ocrx_word' id='word_1_10' title='bbox 1003 373 1146 406; x_wconf 86' lang='lat' dir='ltr'>notum</span> <span class='ocrx_word' id='word_1_11' title='bbox 1164 362 1313 417; x_wconf 86' lang='lat' dir='ltr'>facere,</span> 
     </span>
     <span class='ocr_line' id='line_1_3' title="bbox 437 419 1313 478; baseline -0.007 -8"><span class='ocrx_word' id='word_1_12' title='bbox 437 426 501 470; x_wconf 78' lang='lat' dir='ltr'>vel</span> <span class='ocrx_word' id='word_1_13' title='bbox 516 426 689 468; x_wconf 73' lang='lat' dir='ltr'>maxime</span> <span class='ocrx_word' id='word_1_14' title='bbox 713 427 751 467; x_wconf 87' lang='lat' dir='ltr'>in</span> <span class='ocrx_word' id='word_1_15' title='bbox 769 419 1014 478; x_wconf 79' lang='lat' dir='ltr'>colligendis</span> <span class='ocrx_word' id='word_1_16' title='bbox 1039 421 1236 478; x_wconf 82' lang='lat' dir='ltr'>ejusmodi</span> <span class='ocrx_word' id='word_1_17' title='bbox 1250 436 1313 465; x_wconf 87' lang='lat' dir='ltr'>re·</span> 
     </span>
     <span class='ocr_line' id='line_1_4' title="bbox 338 479 1315 539; baseline -0.006 -10"><span class='ocrx_word' id='word_1_18' title='bbox 338 486 560 530; x_wconf 87' lang='lat' dir='ltr'>lationibus</span> <span class='ocrx_word' id='word_1_19' title='bbox 572 512 588 535; x_wconf 91' lang='lat'>,</span> <span class='ocrx_word' id='word_1_20' title='bbox 603 485 722 539; x_wconf 85' lang='lat' dir='ltr'>iisque</span> <span class='ocrx_word' id='word_1_21' title='bbox 734 482 784 523; x_wconf 90' lang='lat' dir='ltr'>ad</span> <span class='ocrx_word' id='word_1_22' title='bbox 798 483 945 524; x_wconf 87' lang='lat' dir='ltr'>Urbem</span> <span class='ocrx_word' id='word_1_23' title='bbox 958 479 1169 523; x_wconf 85' lang='lat' dir='ltr'>mittendis</span> <span class='ocrx_word' id='word_1_24' title='bbox 1183 480 1315 524; x_wconf 83' lang='lat' dir='ltr'>obser-</span> 
     </span>
     <span class='ocr_line' id='line_1_5' title="bbox 337 548 962 598; baseline -0.014 -10"><span class='ocrx_word' id='word_1_25' title='bbox 337 559 438 588; x_wconf 83' lang='lat' dir='ltr'>vare</span> <span class='ocrx_word' id='word_1_26' title='bbox 452 574 468 596; x_wconf 92' lang='lat'>,</span> <span class='ocrx_word' id='word_1_27' title='bbox 498 558 543 585; x_wconf 92' lang='lat' dir='ltr'>ac</span> <span class='ocrx_word' id='word_1_28' title='bbox 561 555 752 598; x_wconf 74' lang='lat' dir='ltr'>peragere</span> <span class='ocrx_word' id='word_1_29' title='bbox 766 548 932 595; x_wconf 84' lang='lat' dir='ltr'>oportet</span> <span class='ocrx_word' id='word_1_30' title='bbox 947 566 962 579; x_wconf 88' lang='lat'><strong>.</strong></span> 
     </span>
    </p>
   </div>
   <div class='ocr_carea' id='block_1_2' title="bbox 454 597 1343 654">
    <p class='ocr_par' dir='ltr' id='par_1_2' title="bbox 454 597 1343 654">
     <span class='ocr_line' id='line_1_6' title="bbox 454 597 1343 654; baseline -0.004 -10"><span class='ocrx_word' id='word_1_31' title='bbox 454 606 501 645; x_wconf 85' lang='lat' dir='ltr'>In</span> <span class='ocrx_word' id='word_1_32' title='bbox 516 601 652 654; x_wconf 87' lang='lat' dir='ltr'>primis</span> <span class='ocrx_word' id='word_1_33' title='bbox 669 600 788 654; x_wconf 86' lang='lat' dir='ltr'>igitur</span> <span class='ocrx_word' id='word_1_34' title='bbox 803 597 1014 649; x_wconf 81' lang='lat' dir='ltr'>advertere</span> <span class='ocrx_word' id='word_1_35' title='bbox 1026 597 1181 654; x_wconf 80' lang='lat' dir='ltr'>juvabit</span> <span class='ocrx_word' id='word_1_36' title='bbox 1196 627 1212 650; x_wconf 89' lang='lat'>,</span> <span class='ocrx_word' id='word_1_37' title='bbox 1241 612 1315 640; x_wconf 86' lang='lat' dir='ltr'>eo-</span> <span class='ocrx_word' id='word_1_38' title='bbox 1337 620 1343 626; x_wconf 94' lang='lat'><strong>·</strong></span> 
     </span>
    </p>
   </div>
   <div class='ocr_carea' id='block_1_3' title="bbox 340 656 1324 1883">
    <p class='ocr_par' dir='ltr' id='par_1_3' title="bbox 340 656 1315 952">
     <span class='ocr_line' id='line_1_7' title="bbox 340 656 1313 707; baseline -0.009 -1"><span class='ocrx_word' id='word_1_39' title='bbox 340 676 431 707; x_wconf 83' lang='lat' dir='ltr'>mm</span> <span class='ocrx_word' id='word_1_40' title='bbox 443 662 650 704; x_wconf 82' lang='lat' dir='ltr'>dumtaxat</span> <span class='ocrx_word' id='word_1_41' title='bbox 666 659 874 700; x_wconf 69' lang='lat' dir='ltr'>Paetorum</span> <span class='ocrx_word' id='word_1_42' title='bbox 901 656 1113 699; x_wconf 78' lang='lat' dir='ltr'>relationes</span> <span class='ocrx_word' id='word_1_43' title='bbox 1138 657 1162 698; x_wconf 72' lang='lat' dir='ltr'>i</span> <span class='ocrx_word' id='word_1_44' title='bbox 1177 658 1313 700; x_wconf 37' lang='lat' dir='ltr'>*Nobis</span> 
     </span>
     <span class='ocr_line' id='line_1_8' title="bbox 341 714 1315 777; baseline -0.002 -19"><span class='ocrx_word' id='word_1_45' title='bbox 341 722 446 777; x_wconf 73' lang='lat' dir='ltr'>exigi</span> <span class='ocrx_word' id='word_1_46' title='bbox 460 746 475 769; x_wconf 83' lang='lat'>,</span> <span class='ocrx_word' id='word_1_47' title='bbox 500 733 582 774; x_wconf 79' lang='lat' dir='ltr'>quae</span> <span class='ocrx_word' id='word_1_48' title='bbox 597 730 648 758; x_wconf 82' lang='lat' dir='ltr'>ex</span> <span class='ocrx_word' id='word_1_49' title='bbox 662 715 812 773; x_wconf 81' lang='lat' dir='ltr'>judicio</span> <span class='ocrx_word' id='word_1_50' title='bbox 828 714 1067 769; x_wconf 69' lang='lat' dir='ltr'>prudentum</span> <span class='ocrx_word' id='word_1_51' title='bbox 1086 715 1180 758; x_wconf 72' lang='lat' dir='ltr'>vere</span> <span class='ocrx_word' id='word_1_52' title='bbox 1196 717 1315 756; x_wconf 83' lang='lat' dir='ltr'>mira-</span> 
     </span>
     <span class='ocr_line' id='line_1_9' title="bbox 340 773 1315 831; baseline -0.006 -10"><span class='ocrx_word' id='word_1_53' title='bbox 340 778 474 823; x_wconf 84' lang='lat' dir='ltr'>culosa</span> <span class='ocrx_word' id='word_1_54' title='bbox 487 774 774 831; x_wconf 86' lang='lat' dir='ltr'>dignoscuntur</span> <span class='ocrx_word' id='word_1_55' title='bbox 788 800 803 822; x_wconf 90' lang='lat'>,</span> <span class='ocrx_word' id='word_1_56' title='bbox 820 774 886 815; x_wconf 90' lang='lat' dir='ltr'>seu</span> <span class='ocrx_word' id='word_1_57' title='bbox 898 799 912 821; x_wconf 90' lang='lat'>,</span> <span class='ocrx_word' id='word_1_58' title='bbox 926 787 1011 830; x_wconf 74' lang='lat' dir='ltr'>quae</span> <span class='ocrx_word' id='word_1_59' title='bbox 1024 773 1122 817; x_wconf 87' lang='lat' dir='ltr'>talia</span> <span class='ocrx_word' id='word_1_60' title='bbox 1139 775 1227 816; x_wconf 86' lang='lat' dir='ltr'>sunt</span> <span class='ocrx_word' id='word_1_61' title='bbox 1243 802 1258 825; x_wconf 88' lang='lat'>,</span> <span class='ocrx_word' id='word_1_62' title='bbox 1272 784 1315 815; x_wconf 93' lang='lat' dir='ltr'>ut</span> 
     </span>
     <span class='ocr_line' id='line_1_10' title="bbox 340 832 1314 889; baseline -0.008 -8"><span class='ocrx_word' id='word_1_63' title='bbox 340 837 472 881; x_wconf 88' lang='lat' dir='ltr'>omnis</span> <span class='ocrx_word' id='word_1_64' title='bbox 489 845 643 876; x_wconf 83' lang='lat' dir='ltr'>naturae</span> <span class='ocrx_word' id='word_1_65' title='bbox 655 841 800 884; x_wconf 66' lang='lat' dir='ltr'>creatae</span> <span class='ocrx_word' id='word_1_66' title='bbox 814 833 918 875; x_wconf 82' lang='lat' dir='ltr'>vires</span> <span class='ocrx_word' id='word_1_67' title='bbox 932 833 1091 889; x_wconf 88' lang='lat' dir='ltr'>penitus</span> <span class='ocrx_word' id='word_1_68' title='bbox 1099 832 1314 881; x_wconf 82' lang='lat' dir='ltr'>excedant,</span> 
     </span>
     <span class='ocr_line' id='line_1_11' title="bbox 342 890 1098 952; baseline -0.004 -15"><span class='ocrx_word' id='word_1_69' title='bbox 342 895 450 952; x_wconf 88' lang='lat' dir='ltr'>quod</span> <span class='ocrx_word' id='word_1_70' title='bbox 468 892 684 947; x_wconf 80' lang='lat' dir='ltr'>tripliciter</span> <span class='ocrx_word' id='word_1_71' title='bbox 699 890 932 946; x_wconf 85' lang='lat' dir='ltr'>contingere</span> <span class='ocrx_word' id='word_1_72' title='bbox 946 891 1069 947; x_wconf 74' lang='lat' dir='ltr'>potest</span> <span class='ocrx_word' id='word_1_73' title='bbox 1084 921 1098 934; x_wconf 84' lang='lat'><strong>.</strong></span> 
     </span>
    </p>

    <p class='ocr_par' dir='ltr' id='par_1_4' title="bbox 341 949 1318 1407">
     <span class='ocr_line' id='line_1_12' title="bbox 458 949 1315 997; baseline -0.001 -5"><span class='ocrx_word' id='word_1_74' title='bbox 458 950 623 995; x_wconf 73' lang='lat' dir='ltr'>Primo.</span> <span class='ocrx_word' id='word_1_75' title='bbox 647 949 694 991; x_wconf 77' lang='lat' dir='ltr'>-Si</span> <span class='ocrx_word' id='word_1_76' title='bbox 709 949 877 993; x_wconf 77' lang='lat' dir='ltr'>excedat</span> <span class='ocrx_word' id='word_1_77' title='bbox 892 950 997 993; x_wconf 79' lang='lat' dir='ltr'>vires</span> <span class='ocrx_word' id='word_1_78' title='bbox 1011 963 1148 997; x_wconf 83' lang='lat' dir='ltr'>omnes</span> <span class='ocrx_word' id='word_1_79' title='bbox 1168 957 1315 992; x_wconf 73' lang='lat' dir='ltr'>natura</span> 
     </span>
     <span class='ocr_line' id='line_1_13' title="bbox 342 1007 1315 1070; baseline -0.007 -16"><span class='ocrx_word' id='word_1_80' title='bbox 342 1020 486 1054; x_wconf 80' lang='lat' dir='ltr'>creatae</span> <span class='ocrx_word' id='word_1_81' title='bbox 503 1008 637 1065; x_wconf 90' lang='lat' dir='ltr'>quoad</span> <span class='ocrx_word' id='word_1_82' title='bbox 659 1007 782 1064; x_wconf 73' lang='lat' dir='ltr'>r‘pstnt</span> <span class='ocrx_word' id='word_1_83' title='bbox 797 1008 1057 1070; x_wconf 70' lang='lat' dir='ltr'>substantiam</span> <span class='ocrx_word' id='word_1_84' title='bbox 1085 1007 1230 1059; x_wconf 65' lang='lat' dir='ltr'>fam,</span> <span class='ocrx_word' id='word_1_85' title='bbox 1258 1007 1315 1048; x_wconf 87' lang='lat' dir='ltr'>uti</span> 
     </span>
     <span class='ocr_line' id='line_1_14' title="bbox 342 1064 1317 1121; baseline -0.005 -10"><span class='ocrx_word' id='word_1_86' title='bbox 342 1071 369 1111; x_wconf 85' lang='lat' dir='ltr'>fi</span> <span class='ocrx_word' id='word_1_87' title='bbox 386 1082 507 1111; x_wconf 90' lang='lat' dir='ltr'>unum</span> <span class='ocrx_word' id='word_1_88' title='bbox 522 1069 688 1121; x_wconf 86' lang='lat' dir='ltr'>Corpus</span> <span class='ocrx_word' id='word_1_89' title='bbox 705 1066 752 1108; x_wconf 88' lang='lat' dir='ltr'>fit</span> <span class='ocrx_word' id='word_1_90' title='bbox 764 1065 807 1107; x_wconf 81' lang='lat' dir='ltr'>in</span> <span class='ocrx_word' id='word_1_91' title='bbox 828 1066 983 1121; x_wconf 88' lang='lat' dir='ltr'>duplici</span> <span class='ocrx_word' id='word_1_92' title='bbox 999 1066 1095 1109; x_wconf 83' lang='lat' dir='ltr'>loco</span> <span class='ocrx_word' id='word_1_93' title='bbox 1106 1095 1121 1117; x_wconf 88' lang='lat'>‚</span> <span class='ocrx_word' id='word_1_94' title='bbox 1154 1065 1215 1109; x_wconf 82' lang='lat' dir='ltr'>vel</span> <span class='ocrx_word' id='word_1_95' title='bbox 1234 1064 1317 1108; x_wconf 89' lang='lat' dir='ltr'>duo</span> 
     </span>
     <span class='ocr_line' id='line_1_15' title="bbox 341 1123 1318 1182; baseline -0.004 -12"><span class='ocrx_word' id='word_1_96' title='bbox 341 1129 527 1182; x_wconf 84' lang='lat' dir='ltr'>Corpora</span> <span class='ocrx_word' id='word_1_97' title='bbox 542 1126 580 1166; x_wconf 93' lang='lat' dir='ltr'>in</span> <span class='ocrx_word' id='word_1_98' title='bbox 597 1138 679 1166; x_wconf 90' lang='lat' dir='ltr'>uno</span> <span class='ocrx_word' id='word_1_99' title='bbox 692 1124 818 1178; x_wconf 90' lang='lat' dir='ltr'>loc0,</span> <span class='ocrx_word' id='word_1_100' title='bbox 843 1124 868 1167; x_wconf 85' lang='lat' dir='ltr'>fi</span> <span class='ocrx_word' id='word_1_101' title='bbox 884 1123 1047 1177; x_wconf 78' lang='lat' dir='ltr'>Solstat</span> <span class='ocrx_word' id='word_1_102' title='bbox 1061 1151 1076 1176; x_wconf 92' lang='lat'>,</span> <span class='ocrx_word' id='word_1_103' title='bbox 1101 1136 1171 1168; x_wconf 83' lang='lat' dir='ltr'>aut</span> <span class='ocrx_word' id='word_1_104' title='bbox 1186 1134 1318 1167; x_wconf 91' lang='lat' dir='ltr'>retro-</span> 
     </span>
     <span class='ocr_line' id='line_1_16' title="bbox 341 1182 1318 1238; baseline -0.005 -9"><span class='ocrx_word' id='word_1_105' title='bbox 341 1186 462 1229; x_wconf 82' lang='lat' dir='ltr'>cedat</span> <span class='ocrx_word' id='word_1_106' title='bbox 478 1186 556 1226; x_wconf 81' lang='lat' dir='ltr'>&amp;c·</span> <span class='ocrx_word' id='word_1_107' title='bbox 575 1185 675 1238; x_wconf 77' lang='lat' dir='ltr'>Quoe</span> <span class='ocrx_word' id='word_1_108' title='bbox 690 1184 727 1225; x_wconf 73' lang='grc' dir='ltr'>δι</span> <span class='ocrx_word' id='word_1_109' title='bbox 743 1182 820 1225; x_wconf 90' lang='lat' dir='ltr'>alia</span> <span class='ocrx_word' id='word_1_110' title='bbox 833 1185 893 1227; x_wconf 90' lang='lat' dir='ltr'>his</span> <span class='ocrx_word' id='word_1_111' title='bbox 909 1182 1049 1226; x_wconf 83' lang='lat' dir='ltr'>similia</span> <span class='ocrx_word' id='word_1_112' title='bbox 1064 1183 1178 1226; x_wconf 93' lang='lat' dir='ltr'>nullo</span> <span class='ocrx_word' id='word_1_113' title='bbox 1191 1183 1318 1226; x_wconf 91' lang='lat' dir='ltr'>modo</span> 
     </span>
     <span class='ocr_line' id='line_1_17' title="bbox 343 1239 1317 1300; baseline -0.005 -14"><span class='ocrx_word' id='word_1_114' title='bbox 343 1242 468 1300; x_wconf 80' lang='lat' dir='ltr'>potest</span> <span class='ocrx_word' id='word_1_115' title='bbox 492 1244 650 1298; x_wconf 85' lang='lat' dir='ltr'>operari</span> <span class='ocrx_word' id='word_1_116' title='bbox 681 1250 845 1294; x_wconf 87' lang='lat' dir='ltr'>natura,</span> <span class='ocrx_word' id='word_1_117' title='bbox 871 1256 920 1284; x_wconf 90' lang='lat' dir='ltr'>ac</span> <span class='ocrx_word' id='word_1_118' title='bbox 937 1241 1106 1297; x_wconf 84' lang='lat' dir='ltr'>proinde</span> <span class='ocrx_word' id='word_1_119' title='bbox 1121 1239 1317 1297; x_wconf 85' lang='lat' dir='ltr'>ejusmodi</span> 
     </span>
     <span class='ocr_line' id='line_1_18' title="bbox 341 1298 1318 1357; baseline -0.005 -13"><span class='ocrx_word' id='word_1_120' title='bbox 341 1305 460 1348; x_wconf 60' lang='lat' dir='ltr'>§aaa</span> <span class='ocrx_word' id='word_1_121' title='bbox 475 1299 705 1343; x_wconf 74' lang='lat' dir='ltr'>miraculosa</span> <span class='ocrx_word' id='word_1_122' title='bbox 717 1299 821 1342; x_wconf 86' lang='lat' dir='ltr'>inter</span> <span class='ocrx_word' id='word_1_123' title='bbox 836 1301 1032 1345; x_wconf 84' lang='lat' dir='ltr'>miracula</span> <span class='ocrx_word' id='word_1_124' title='bbox 1045 1301 1181 1357; x_wconf 80' lang='lat' dir='ltr'>primae</span> <span class='ocrx_word' id='word_1_125' title='bbox 1193 1298 1318 1342; x_wconf 83' lang='lat' dir='ltr'>elaffis</span> 
     </span>
     <span class='ocr_line' id='line_1_19' title="bbox 342 1359 718 1407; baseline -0.016 0"><span class='ocrx_word' id='word_1_126' title='bbox 342 1360 472 1407; x_wconf 83' lang='lat' dir='ltr'>solent</span> <span class='ocrx_word' id='word_1_127' title='bbox 488 1359 718 1403; x_wconf 85' lang='lat' dir='ltr'>numerari.</span> 
     </span>
    </p>

    <p class='ocr_par' dir='ltr' id='par_1_5' title="bbox 340 1416 1324 1883">
     <span class='ocr_line' id='line_1_20' title="bbox 458 1416 1320 1477; baseline 0 -18"><span class='ocrx_word' id='word_1_128' title='bbox 458 1418 651 1463; x_wconf 74' lang='lat' dir='ltr'>secundo</span> <span class='ocrx_word' id='word_1_129' title='bbox 661 1447 674 1459; x_wconf 91' lang='lat'><strong>.</strong></span> <span class='ocrx_word' id='word_1_130' title='bbox 704 1417 744 1459; x_wconf 86' lang='lat' dir='ltr'>Si</span> <span class='ocrx_word' id='word_1_131' title='bbox 758 1418 928 1462; x_wconf 84' lang='lat' dir='ltr'>excedat</span> <span class='ocrx_word' id='word_1_132' title='bbox 943 1416 1295 1477; x_wconf 62' lang='lat' dir='ltr'>qmadfiabjeffiinr</span> <span class='ocrx_word' id='word_1_133' title='bbox 1305 1444 1320 1467; x_wconf 93' lang='lat'>,</span> 
     </span>
     <span class='ocr_line' id='line_1_21' title="bbox 344 1474 1318 1529; baseline -0.001 -7"><span class='ocrx_word' id='word_1_134' title='bbox 344 1489 387 1522; x_wconf 92' lang='lat' dir='ltr'>ut</span> <span class='ocrx_word' id='word_1_135' title='bbox 406 1477 431 1520; x_wconf 87' lang='lat' dir='ltr'>fi</span> <span class='ocrx_word' id='word_1_136' title='bbox 447 1474 705 1520; x_wconf 81' lang='lat' dir='ltr'>resuscitetur</span> <span class='ocrx_word' id='word_1_137' title='bbox 732 1487 916 1521; x_wconf 91' lang='lat' dir='ltr'>mortuus</span> <span class='ocrx_word' id='word_1_138' title='bbox 929 1505 945 1529; x_wconf 94' lang='lat'>,</span> <span class='ocrx_word' id='word_1_139' title='bbox 963 1475 1220 1520; x_wconf 85' lang='lat' dir='ltr'>illuminetur</span> <span class='ocrx_word' id='word_1_140' title='bbox 1242 1491 1318 1521; x_wconf 76' lang='lat' dir='ltr'>cat-</span> 
     </span>
     <span class='ocr_line' id='line_1_22' title="bbox 343 1534 1318 1592; baseline -0.002 -12"><span class='ocrx_word' id='word_1_141' title='bbox 343 1551 415 1580; x_wconf 87' lang='lat' dir='ltr'>cus</span> <span class='ocrx_word' id='word_1_142' title='bbox 430 1563 446 1586; x_wconf 90' lang='lat'>,</span> <span class='ocrx_word' id='word_1_143' title='bbox 468 1535 789 1592; x_wconf 73' lang='lat' dir='ltr'>multiplicentur</span> <span class='ocrx_word' id='word_1_144' title='bbox 810 1536 920 1588; x_wconf 88' lang='lat' dir='ltr'>cibi,</span> <span class='ocrx_word' id='word_1_145' title='bbox 952 1539 1017 1582; x_wconf 83' lang='lat' dir='ltr'>vel</span> <span class='ocrx_word' id='word_1_146' title='bbox 1043 1534 1241 1592; x_wconf 89' lang='lat' dir='ltr'>liquores,</span> <span class='ocrx_word' id='word_1_147' title='bbox 1271 1549 1318 1579; x_wconf 84' lang='lat' dir='ltr'>ac</span> 
     </span>
     <span class='ocr_line' id='line_1_23' title="bbox 343 1593 1319 1653; baseline -0.003 -14"><span class='ocrx_word' id='word_1_148' title='bbox 343 1594 586 1653; x_wconf 75' lang='lat' dir='ltr'>generalitor</span> <span class='ocrx_word' id='word_1_149' title='bbox 601 1593 808 1650; x_wconf 89' lang='lat' dir='ltr'>loquendo</span> <span class='ocrx_word' id='word_1_150' title='bbox 819 1621 835 1645; x_wconf 88' lang='lat'>,</span> <span class='ocrx_word' id='word_1_151' title='bbox 859 1593 884 1635; x_wconf 84' lang='lat' dir='ltr'>fi</span> <span class='ocrx_word' id='word_1_152' title='bbox 902 1593 1063 1639; x_wconf 87' lang='lat' dir='ltr'>sanetur</span> <span class='ocrx_word' id='word_1_153' title='bbox 1075 1594 1161 1651; x_wconf 82' lang='lat' dir='ltr'>quis</span> <span class='ocrx_word' id='word_1_154' title='bbox 1177 1595 1198 1637; x_wconf 69' lang='lat' dir='ltr'>i</span> <span class='ocrx_word' id='word_1_155' title='bbox 1214 1608 1319 1643; x_wconf 84' lang='lat' dir='ltr'>mor.</span> 
     </span>
     <span class='ocr_line' id='line_1_24' title="bbox 340 1650 1319 1710; baseline -0.003 -12"><span class='ocrx_word' id='word_1_156' title='bbox 340 1656 399 1699; x_wconf 82' lang='lat' dir='ltr'>bo</span> <span class='ocrx_word' id='word_1_157' title='bbox 412 1652 656 1697; x_wconf 81' lang='lat' dir='ltr'>naturaliter</span> <span class='ocrx_word' id='word_1_158' title='bbox 670 1650 893 1705; x_wconf 84' lang='lat' dir='ltr'>insanabili;</span> <span class='ocrx_word' id='word_1_159' title='bbox 906 1654 946 1695; x_wconf 90' lang='lat' dir='ltr'>in</span> <span class='ocrx_word' id='word_1_160' title='bbox 962 1667 1045 1710; x_wconf 90' lang='lat' dir='ltr'>quo</span> <span class='ocrx_word' id='word_1_161' title='bbox 1060 1652 1236 1696; x_wconf 88' lang='lat' dir='ltr'>secundo</span> <span class='ocrx_word' id='word_1_162' title='bbox 1252 1667 1319 1709; x_wconf 81' lang='lat' dir='ltr'>gc·</span> 
     </span>
     <span class='ocr_line' id='line_1_25' title="bbox 346 1710 1320 1769; baseline -0.002 -13"><span class='ocrx_word' id='word_1_163' title='bbox 346 1726 443 1756; x_wconf 89' lang='lat' dir='ltr'>nere</span> <span class='ocrx_word' id='word_1_164' title='bbox 473 1710 764 1763; x_wconf 78' lang='lat' dir='ltr'>miraculorum</span> <span class='ocrx_word' id='word_1_165' title='bbox 793 1725 872 1753; x_wconf 90' lang='lat' dir='ltr'>non</span> <span class='ocrx_word' id='word_1_166' title='bbox 902 1711 956 1754; x_wconf 78' lang='lat' dir='ltr'>est</span> <span class='ocrx_word' id='word_1_167' title='bbox 988 1710 1207 1758; x_wconf 75' lang='lat' dir='ltr'>neceffario</span> <span class='ocrx_word' id='word_1_168' title='bbox 1222 1725 1320 1769; x_wconf 87' lang='lat' dir='ltr'>pro-</span> 
     </span>
     <span class='ocr_line' id='line_1_26' title="bbox 343 1769 1323 1824; baseline -0.001 -9"><span class='ocrx_word' id='word_1_169' title='bbox 343 1769 477 1816; x_wconf 79' lang='lat' dir='ltr'>banda</span> <span class='ocrx_word' id='word_1_170' title='bbox 491 1770 787 1814; x_wconf 76' lang='lat' dir='ltr'>instantaneitas</span> <span class='ocrx_word' id='word_1_171' title='bbox 798 1797 816 1822; x_wconf 94' lang='lat'>,</span> <span class='ocrx_word' id='word_1_172' title='bbox 829 1779 903 1812; x_wconf 88' lang='lat' dir='ltr'>aut</span> <span class='ocrx_word' id='word_1_173' title='bbox 917 1769 1323 1824; x_wconf 83' lang='lat' dir='ltr'>medicamentorum,</span> 
     </span>
     <span class='ocr_line' id='line_1_27' title="bbox 346 1826 1324 1883; baseline -0.002 -10"><span class='ocrx_word' id='word_1_174' title='bbox 346 1831 414 1873; x_wconf 78' lang='lat' dir='ltr'>vel</span> <span class='ocrx_word' id='word_1_175' title='bbox 430 1829 537 1873; x_wconf 84' lang='lat' dir='ltr'>crisis</span> <span class='ocrx_word' id='word_1_176' title='bbox 557 1826 734 1872; x_wconf 89' lang='lat' dir='ltr'>absentia</span> <span class='ocrx_word' id='word_1_177' title='bbox 756 1840 771 1869; x_wconf 75' lang='lat' dir='ltr'>c</span> <span class='ocrx_word' id='word_1_178' title='bbox 802 1827 933 1883; x_wconf 81' lang='lat' dir='ltr'>potest</span> <span class='ocrx_word' id='word_1_179' title='bbox 959 1829 1068 1878; x_wconf 88' lang='lat' dir='ltr'>enim</span> <span class='ocrx_word' id='word_1_180' title='bbox 1092 1839 1236 1872; x_wconf 90' lang='lat' dir='ltr'>natura</span> <span class='ocrx_word' id='word_1_181' title='bbox 1262 1829 1324 1871; x_wconf 77' lang='lat' dir='ltr'>vi-</span> 
     </span>
    </p>
   </div>
   <div class='ocr_carea' id='block_1_4' title="bbox 255 1885 1326 1940">
    <p class='ocr_par' dir='ltr' id='par_1_6' title="bbox 255 1885 1326 1940">
     <span class='ocr_line' id='line_1_28' title="bbox 255 1885 1326 1940; baseline -0.002 -8"><span class='ocrx_word' id='word_1_182' title='bbox 255 1920 259 1922; x_wconf 92' lang='grc'>-</span> <span class='ocrx_word' id='word_1_183' title='bbox 346 1898 432 1932; x_wconf 89' lang='lat' dir='ltr'>tam</span> <span class='ocrx_word' id='word_1_184' title='bbox 444 1915 460 1938; x_wconf 87' lang='lat'>,</span> <span class='ocrx_word' id='word_1_185' title='bbox 486 1890 528 1931; x_wconf 74' lang='grc' dir='ltr'>δι</span> <span class='ocrx_word' id='word_1_186' title='bbox 543 1885 666 1929; x_wconf 82' lang='lat' dir='ltr'>visum</span> <span class='ocrx_word' id='word_1_187' title='bbox 681 1886 780 1929; x_wconf 87' lang='lat' dir='ltr'>dare</span> <span class='ocrx_word' id='word_1_188' title='bbox 794 1887 866 1930; x_wconf 83' lang='lat' dir='ltr'>&amp;e-</span> <span class='ocrx_word' id='word_1_189' title='bbox 884 1885 949 1928; x_wconf 86' lang='lat' dir='ltr'>sed</span> <span class='ocrx_word' id='word_1_190' title='bbox 966 1900 1047 1930; x_wconf 91' lang='lat' dir='ltr'>non</span> <span class='ocrx_word' id='word_1_191' title='bbox 1061 1898 1227 1931; x_wconf 86' lang='lat' dir='ltr'>mortuo</span> <span class='ocrx_word' id='word_1_192' title='bbox 1239 1917 1256 1940; x_wconf 87' lang='lat'>,</span> <span class='ocrx_word' id='word_1_193' title='bbox 1272 1888 1326 1930; x_wconf 72' lang='grc' dir='ltr'>’δι</span> 
     </span>
    </p>
   </div>
   <div class='ocr_carea' id='block_1_5' title="bbox 345 1943 1331 3880">
    <p class='ocr_par' dir='ltr' id='par_1_7' title="bbox 345 1943 1325 2115">
     <span class='ocr_line' id='line_1_29' title="bbox 345 1943 1325 2001; baseline -0.004 -11"><span class='ocrx_word' id='word_1_194' title='bbox 345 1960 454 1990; x_wconf 72' lang='lat' dir='ltr'>ccco</span> <span class='ocrx_word' id='word_1_195' title='bbox 467 1948 570 1996; x_wconf 56' lang='lat' dir='ltr'>&amp;eq</span> <span class='ocrx_word' id='word_1_196' title='bbox 582 1944 702 2001; x_wconf 89' lang='lat' dir='ltr'>idque</span> <span class='ocrx_word' id='word_1_197' title='bbox 714 1957 789 1985; x_wconf 90' lang='lat' dir='ltr'>nec</span> <span class='ocrx_word' id='word_1_198' title='bbox 805 1943 982 1994; x_wconf 85' lang='lat' dir='ltr'>modico,</span> <span class='ocrx_word' id='word_1_199' title='bbox 992 1958 1064 1986; x_wconf 91' lang='lat' dir='ltr'>nec</span> <span class='ocrx_word' id='word_1_200' title='bbox 1080 1945 1214 1988; x_wconf 90' lang='lat' dir='ltr'>multo</span> <span class='ocrx_word' id='word_1_201' title='bbox 1227 1955 1325 1988; x_wconf 82' lang='lat' dir='ltr'>tem·</span> 
     </span>
     <span class='ocr_line' id='line_1_30' title="bbox 346 2000 1324 2060; baseline -0.002 -14"><span class='ocrx_word' id='word_1_202' title='bbox 346 2006 458 2060; x_wconf 83' lang='lat' dir='ltr'>poris</span> <span class='ocrx_word' id='word_1_203' title='bbox 474 2002 601 2059; x_wconf 84' lang='lat' dir='ltr'>spatio</span> <span class='ocrx_word' id='word_1_204' title='bbox 614 2029 628 2052; x_wconf 88' lang='lat'>,</span> <span class='ocrx_word' id='word_1_205' title='bbox 664 2013 792 2057; x_wconf 86' lang='lat' dir='ltr'>neque</span> <span class='ocrx_word' id='word_1_206' title='bbox 811 2001 910 2043; x_wconf 89' lang='lat' dir='ltr'>item</span> <span class='ocrx_word' id='word_1_207' title='bbox 935 2013 1028 2043; x_wconf 92' lang='lat' dir='ltr'>cum</span> <span class='ocrx_word' id='word_1_208' title='bbox 1054 2000 1324 2046; x_wconf 83' lang='lat' dir='ltr'>medicamen·</span> 
     </span>
     <span class='ocr_line' id='line_1_31' title="bbox 346 2061 687 2115; baseline -0.015 -9"><span class='ocrx_word' id='word_1_209' title='bbox 346 2064 400 2106; x_wconf 88' lang='lat' dir='ltr'>tis</span> <span class='ocrx_word' id='word_1_210' title='bbox 413 2091 429 2115; x_wconf 88' lang='lat'>,</span> <span class='ocrx_word' id='word_1_211' title='bbox 449 2062 491 2105; x_wconf 72' lang='grc' dir='ltr'>δι</span> <span class='ocrx_word' id='word_1_212' title='bbox 506 2061 592 2106; x_wconf 85' lang='lat' dir='ltr'>crifi</span> <span class='ocrx_word' id='word_1_213' title='bbox 608 2062 687 2103; x_wconf 72' lang='lat' dir='ltr'>&amp;c-</span> 
     </span>
    </p>

    <p class='ocr_par' dir='ltr' id='par_1_8' title="bbox 346 2116 1329 3280">
     <span class='ocr_line' id='line_1_32' title="bbox 462 2116 1323 2176; baseline 0.001 -15"><span class='ocrx_word' id='word_1_214' title='bbox 462 2121 607 2165; x_wconf 68' lang='lat' dir='ltr'>Tertio</span> <span class='ocrx_word' id='word_1_215' title='bbox 616 2147 628 2159; x_wconf 88' lang='lat'><strong>.</strong></span> <span class='ocrx_word' id='word_1_216' title='bbox 643 2118 685 2160; x_wconf 87' lang='lat' dir='ltr'>Si</span> <span class='ocrx_word' id='word_1_217' title='bbox 697 2116 870 2161; x_wconf 80' lang='lat' dir='ltr'>excedat</span> <span class='ocrx_word' id='word_1_218' title='bbox 886 2127 1079 2176; x_wconf 61' lang='lat' dir='ltr'>qnantum</span> <span class='ocrx_word' id='word_1_219' title='bbox 1093 2119 1149 2162; x_wconf 80' lang='lat' dir='ltr'>ad</span> <span class='ocrx_word' id='word_1_220' title='bbox 1156 2120 1323 2173; x_wconf 66' lang='lat' dir='ltr'>modum,</span> 
     </span>
     <span class='ocr_line' id='line_1_33' title="bbox 346 2176 1320 2232; baseline -0.001 -11"><span class='ocrx_word' id='word_1_221' title='bbox 346 2179 399 2230; x_wconf 64' lang='grc' dir='ltr'><em>Β</em></span> <span class='ocrx_word' id='word_1_222' title='bbox 413 2178 586 2221; x_wconf 61' lang='grc' dir='ltr'>πᾶν·</span> <span class='ocrx_word' id='word_1_223' title='bbox 627 2176 775 2219; x_wconf 70' lang='lat' dir='ltr'>actem</span> <span class='ocrx_word' id='word_1_224' title='bbox 786 2203 804 2228; x_wconf 89' lang='lat'>,</span> <span class='ocrx_word' id='word_1_225' title='bbox 817 2187 862 2220; x_wconf 92' lang='lat' dir='ltr'>ut</span> <span class='ocrx_word' id='word_1_226' title='bbox 875 2177 902 2219; x_wconf 81' lang='lat' dir='ltr'>si</span> <span class='ocrx_word' id='word_1_227' title='bbox 966 2179 1051 2222; x_wconf 75' lang='lat' dir='ltr'>avis</span> <span class='ocrx_word' id='word_1_228' title='bbox 1065 2177 1243 2232; x_wconf 67' lang='lat' dir='ltr'>quedam</span> <span class='ocrx_word' id='word_1_229' title='bbox 1261 2179 1320 2220; x_wconf 89' lang='lat' dir='ltr'>in-</span> 
     </span>
     <span class='ocr_line' id='line_1_34' title="bbox 349 2234 1322 2289; baseline -0.003 -8"><span class='ocrx_word' id='word_1_230' title='bbox 349 2236 531 2282; x_wconf 69' lang='lat' dir='ltr'>crescens</span> <span class='ocrx_word' id='word_1_231' title='bbox 544 2236 587 2281; x_wconf 90' lang='lat' dir='ltr'>in</span> <span class='ocrx_word' id='word_1_232' title='bbox 617 2234 752 2282; x_wconf 85' lang='lat' dir='ltr'>rmitaa</span> <span class='ocrx_word' id='word_1_233' title='bbox 768 2234 900 2280; x_wconf 78' lang='lat' dir='ltr'>fitbitn</span> <span class='ocrx_word' id='word_1_234' title='bbox 912 2260 929 2286; x_wconf 80' lang='lat'>‚</span> <span class='ocrx_word' id='word_1_235' title='bbox 967 2250 990 2279; x_wconf 94' lang='lat' dir='ltr'>c</span> <span class='ocrx_word' id='word_1_236' title='bbox 1008 2235 1087 2279; x_wconf 83' lang='lat' dir='ltr'>fine</span> <span class='ocrx_word' id='word_1_237' title='bbox 1103 2236 1322 2289; x_wconf 82' lang='lat' dir='ltr'>medicina,</span> 
     </span>
     <span class='ocr_line' id='line_1_35' title="bbox 348 2293 1323 2352; baseline -0.001 -13"><span class='ocrx_word' id='word_1_238' title='bbox 348 2297 415 2341; x_wconf 78' lang='lat' dir='ltr'>vel</span> <span class='ocrx_word' id='word_1_239' title='bbox 429 2295 518 2339; x_wconf 82' lang='lat' dir='ltr'>crisi</span> <span class='ocrx_word' id='word_1_240' title='bbox 533 2293 780 2351; x_wconf 64' lang='lat' dir='ltr'>depellatun</span> <span class='ocrx_word' id='word_1_241' title='bbox 796 2307 885 2336; x_wconf 88' lang='lat' dir='ltr'>nam</span> <span class='ocrx_word' id='word_1_242' title='bbox 899 2307 991 2338; x_wconf 86' lang='lat' dir='ltr'>cum</span> <span class='ocrx_word' id='word_1_243' title='bbox 1007 2305 1149 2338; x_wconf 90' lang='lat' dir='ltr'>natura</span> <span class='ocrx_word' id='word_1_244' title='bbox 1164 2308 1323 2352; x_wconf 86' lang='lat' dir='ltr'>quoque</span> 
     </span>
     <span class='ocr_line' id='line_1_36' title="bbox 348 2351 1325 2412; baseline -0.004 -12"><span class='ocrx_word' id='word_1_245' title='bbox 348 2351 546 2412; x_wconf 82' lang='lat' dir='ltr'>ejusmodi</span> <span class='ocrx_word' id='word_1_246' title='bbox 562 2354 722 2397; x_wconf 74' lang='lat' dir='ltr'>morbos</span> <span class='ocrx_word' id='word_1_247' title='bbox 741 2351 926 2409; x_wconf 81' lang='lat' dir='ltr'>paulatim</span> <span class='ocrx_word' id='word_1_248' title='bbox 940 2380 955 2404; x_wconf 90' lang='lat'><strong>‚</strong></span> <span class='ocrx_word' id='word_1_249' title='bbox 981 2366 1026 2396; x_wconf 91' lang='lat' dir='ltr'>ac</span> <span class='ocrx_word' id='word_1_250' title='bbox 1043 2354 1228 2397; x_wconf 77' lang='lat' dir='ltr'>curando</span> <span class='ocrx_word' id='word_1_251' title='bbox 1244 2352 1325 2410; x_wconf 89' lang='lat' dir='ltr'>pel·</span> 
     </span>
     <span class='ocr_line' id='line_1_37' title="bbox 348 2410 1325 2468; baseline -0.003 -11"><span class='ocrx_word' id='word_1_252' title='bbox 348 2412 433 2463; x_wconf 81' lang='lat' dir='ltr'>lat,</span> <span class='ocrx_word' id='word_1_253' title='bbox 448 2412 672 2457; x_wconf 73' lang='lat' dir='ltr'>sanationes</span> <span class='ocrx_word' id='word_1_254' title='bbox 693 2410 887 2468; x_wconf 82' lang='lat' dir='ltr'>ejusmodi</span> <span class='ocrx_word' id='word_1_255' title='bbox 908 2421 950 2454; x_wconf 91' lang='lat' dir='ltr'>ut</span> <span class='ocrx_word' id='word_1_256' title='bbox 967 2410 1210 2455; x_wconf 68' lang='lat' dir='ltr'>miraculose</span> <span class='ocrx_word' id='word_1_257' title='bbox 1234 2425 1325 2456; x_wconf 83' lang='lat' dir='ltr'>cen-</span> 
     </span>
     <span class='ocr_line' id='line_1_38' title="bbox 346 2466 1322 2526; baseline 0.001 -12"><span class='ocrx_word' id='word_1_258' title='bbox 346 2470 508 2517; x_wconf 88' lang='lat' dir='ltr'>seantur</span> <span class='ocrx_word' id='word_1_259' title='bbox 526 2500 542 2526; x_wconf 89' lang='lat'>,</span> <span class='ocrx_word' id='word_1_260' title='bbox 569 2470 829 2515; x_wconf 76' lang='lat' dir='ltr'>instantaneas</span> <span class='ocrx_word' id='word_1_261' title='bbox 846 2466 956 2514; x_wconf 73' lang='lat' dir='ltr'>fuine</span> <span class='ocrx_word' id='word_1_262' title='bbox 969 2470 1178 2524; x_wconf 85' lang='lat' dir='ltr'>oportebit</span> <span class='ocrx_word' id='word_1_263' title='bbox 1192 2499 1207 2523; x_wconf 85' lang='lat'>,</span> <span class='ocrx_word' id='word_1_264' title='bbox 1235 2471 1322 2515; x_wconf 76' lang='lat' dir='ltr'>ita...</span> 
     </span>
     <span class='ocr_line' id='line_1_39' title="bbox 347 2527 1324 2580; baseline -0.005 -5"><span class='ocrx_word' id='word_1_265' title='bbox 347 2542 392 2576; x_wconf 88' lang='lat' dir='ltr'>nt</span> <span class='ocrx_word' id='word_1_266' title='bbox 414 2539 505 2575; x_wconf 89' lang='lat' dir='ltr'>tota</span> <span class='ocrx_word' id='word_1_267' title='bbox 521 2530 651 2573; x_wconf 87' lang='lat' dir='ltr'>morbi</span> <span class='ocrx_word' id='word_1_268' title='bbox 670 2530 726 2573; x_wconf 79' lang='lat' dir='ltr'>vis</span> <span class='ocrx_word' id='word_1_269' title='bbox 741 2558 755 2580; x_wconf 87' lang='lat'>,</span> <span class='ocrx_word' id='word_1_270' title='bbox 780 2542 825 2571; x_wconf 92' lang='lat' dir='ltr'>ac</span> <span class='ocrx_word' id='word_1_271' title='bbox 843 2527 992 2574; x_wconf 87' lang='lat' dir='ltr'>malitia</span> <span class='ocrx_word' id='word_1_272' title='bbox 1010 2528 1047 2572; x_wconf 90' lang='lat' dir='ltr'>in</span> <span class='ocrx_word' id='word_1_273' title='bbox 1065 2529 1221 2574; x_wconf 78' lang='lat' dir='ltr'>inllanti</span> <span class='ocrx_word' id='word_1_274' title='bbox 1239 2527 1324 2572; x_wconf 91' lang='lat' dir='ltr'>sub·</span> 
     </span>
     <span class='ocr_line' id='line_1_40' title="bbox 347 2585 1322 2644; baseline -0.004 -9"><span class='ocrx_word' id='word_1_275' title='bbox 347 2590 428 2635; x_wconf 90' lang='lat' dir='ltr'>lata</span> <span class='ocrx_word' id='word_1_276' title='bbox 442 2589 692 2640; x_wconf 82' lang='lat' dir='ltr'>remanserit,</span> <span class='ocrx_word' id='word_1_277' title='bbox 713 2600 796 2644; x_wconf 89' lang='lat' dir='ltr'>quo</span> <span class='ocrx_word' id='word_1_278' title='bbox 811 2586 936 2631; x_wconf 87' lang='lat' dir='ltr'>modo</span> <span class='ocrx_word' id='word_1_279' title='bbox 950 2588 1192 2632; x_wconf 78' lang='lat' dir='ltr'>naturaliter</span> <span class='ocrx_word' id='word_1_280' title='bbox 1213 2585 1322 2644; x_wconf 85' lang='lat' dir='ltr'>sequi</span> 
     </span>
     <span class='ocr_line' id='line_1_41' title="bbox 347 2645 1327 2706; baseline -0.003 -15"><span class='ocrx_word' id='word_1_281' title='bbox 347 2662 431 2694; x_wconf 84' lang='lat' dir='ltr'>non</span> <span class='ocrx_word' id='word_1_282' title='bbox 449 2646 601 2706; x_wconf 76' lang='lat' dir='ltr'>potest.</span> <span class='ocrx_word' id='word_1_283' title='bbox 633 2649 739 2690; x_wconf 85' lang='lat' dir='ltr'>ltem</span> <span class='ocrx_word' id='word_1_284' title='bbox 765 2645 917 2690; x_wconf 69' lang='lat' dir='ltr'>necesse</span> <span class='ocrx_word' id='word_1_285' title='bbox 940 2645 997 2689; x_wconf 81' lang='lat' dir='ltr'>en</span> <span class='ocrx_word' id='word_1_286' title='bbox 1008 2674 1024 2699; x_wconf 89' lang='lat'>,</span> <span class='ocrx_word' id='word_1_287' title='bbox 1056 2645 1082 2689; x_wconf 85' lang='lat' dir='ltr'>si</span> <span class='ocrx_word' id='word_1_288' title='bbox 1108 2660 1190 2691; x_wconf 89' lang='lat' dir='ltr'>non</span> <span class='ocrx_word' id='word_1_289' title='bbox 1220 2656 1327 2689; x_wconf 89' lang='lat' dir='ltr'>tota·</span> 
     </span>
     <span class='ocr_line' id='line_1_42' title="bbox 349 2702 1326 2761; baseline -0.005 -10"><span class='ocrx_word' id='word_1_290' title='bbox 349 2707 429 2751; x_wconf 86' lang='lat' dir='ltr'>lem</span> <span class='ocrx_word' id='word_1_291' title='bbox 443 2735 459 2757; x_wconf 78' lang='lat'><em>‚</em></span> <span class='ocrx_word' id='word_1_292' title='bbox 483 2705 623 2749; x_wconf 88' lang='lat' dir='ltr'>saltem</span> <span class='ocrx_word' id='word_1_293' title='bbox 638 2703 860 2747; x_wconf 84' lang='lat' dir='ltr'>notabilem</span> <span class='ocrx_word' id='word_1_294' title='bbox 874 2703 984 2747; x_wconf 76' lang='lat' dir='ltr'>simul</span> <span class='ocrx_word' id='word_1_295' title='bbox 1013 2717 1215 2761; x_wconf 87' lang='lat' dir='ltr'>receptam</span> <span class='ocrx_word' id='word_1_296' title='bbox 1233 2702 1326 2749; x_wconf 89' lang='lat' dir='ltr'>suis·</span> 
     </span>
     <span class='ocr_line' id='line_1_43' title="bbox 348 2761 1328 2822; baseline -0.004 -12"><span class='ocrx_word' id='word_1_297' title='bbox 348 2766 387 2810; x_wconf 85' lang='lat' dir='ltr'>se</span> <span class='ocrx_word' id='word_1_298' title='bbox 404 2765 549 2808; x_wconf 74' lang='lat' dir='ltr'>virium</span> <span class='ocrx_word' id='word_1_299' title='bbox 566 2765 911 2819; x_wconf 84' lang='lat' dir='ltr'>recuperationem</span> <span class='ocrx_word' id='word_1_300' title='bbox 924 2790 940 2816; x_wconf 90' lang='lat'>,</span> <span class='ocrx_word' id='word_1_301' title='bbox 970 2762 1115 2820; x_wconf 80' lang='lat' dir='ltr'>absque</span> <span class='ocrx_word' id='word_1_302' title='bbox 1125 2779 1178 2810; x_wconf 88' lang='lat' dir='ltr'>eo</span> <span class='ocrx_word' id='word_1_303' title='bbox 1190 2761 1328 2822; x_wconf 82' lang='lat' dir='ltr'>‚quod</span> 
     </span>
     <span class='ocr_line' id='line_1_44' title="bbox 349 2819 1328 2877; baseline 0 -10"><span class='ocrx_word' id='word_1_304' title='bbox 349 2823 429 2867; x_wconf 89' lang='lat' dir='ltr'>alia</span> <span class='ocrx_word' id='word_1_305' title='bbox 443 2822 622 2869; x_wconf 81' lang='lat' dir='ltr'>adbibita</span> <span class='ocrx_word' id='word_1_306' title='bbox 639 2819 785 2865; x_wconf 87' lang='lat' dir='ltr'>suerint</span> <span class='ocrx_word' id='word_1_307' title='bbox 805 2819 1093 2870; x_wconf 80' lang='lat' dir='ltr'>medicamenta</span> <span class='ocrx_word' id='word_1_308' title='bbox 1108 2850 1124 2877; x_wconf 89' lang='lat'>,</span> <span class='ocrx_word' id='word_1_309' title='bbox 1155 2823 1220 2868; x_wconf 79' lang='lat' dir='ltr'>vel</span> <span class='ocrx_word' id='word_1_310' title='bbox 1251 2821 1328 2867; x_wconf 87' lang='lat' dir='ltr'>sal·</span> 
     </span>
     <span class='ocr_line' id='line_1_45' title="bbox 350 2879 1329 2939; baseline -0.002 -13"><span class='ocrx_word' id='word_1_311' title='bbox 350 2891 435 2926; x_wconf 88' lang='lat' dir='ltr'>tem</span> <span class='ocrx_word' id='word_1_312' title='bbox 450 2895 530 2924; x_wconf 87' lang='lat' dir='ltr'>non</span> <span class='ocrx_word' id='word_1_313' title='bbox 547 2879 669 2930; x_wconf 82' lang='lat' dir='ltr'>talia,</span> <span class='ocrx_word' id='word_1_314' title='bbox 696 2894 780 2935; x_wconf 74' lang='lat' dir='ltr'>qua</span> <span class='ocrx_word' id='word_1_315' title='bbox 796 2879 1034 2925; x_wconf 79' lang='lat' dir='ltr'>sanationem</span> <span class='ocrx_word' id='word_1_316' title='bbox 1046 2896 1097 2927; x_wconf 89' lang='lat' dir='ltr'>eo</span> <span class='ocrx_word' id='word_1_317' title='bbox 1114 2884 1300 2939; x_wconf 81' lang='lat' dir='ltr'>tempore</span> <span class='ocrx_word' id='word_1_318' title='bbox 1313 2908 1329 2934; x_wconf 84' lang='lat'>,</span> 
     </span>
     <span class='ocr_line' id='line_1_46' title="bbox 349 2938 1327 2998; baseline 0 -13"><span class='ocrx_word' id='word_1_319' title='bbox 349 2954 434 2998; x_wconf 80' lang='lat' dir='ltr'>quo</span> <span class='ocrx_word' id='word_1_320' title='bbox 450 2939 583 2984; x_wconf 80' lang='lat' dir='ltr'>secuta</span> <span class='ocrx_word' id='word_1_321' title='bbox 598 2938 681 2988; x_wconf 79' lang='lat' dir='ltr'>en,</span> <span class='ocrx_word' id='word_1_322' title='bbox 706 2938 866 2983; x_wconf 77' lang='lat' dir='ltr'>efficere</span> <span class='ocrx_word' id='word_1_323' title='bbox 883 2938 1115 2997; x_wconf 86' lang='lat' dir='ltr'>potuerint;</span> <span class='ocrx_word' id='word_1_324' title='bbox 1141 2954 1189 2984; x_wconf 84' lang='lat' dir='ltr'>ne</span> <span class='ocrx_word' id='word_1_325' title='bbox 1222 2952 1327 2985; x_wconf 69' lang='grc' dir='ltr'>ιιι-ο</span> 
     </span>
     <span class='ocr_line' id='line_1_47' title="bbox 350 2954 1327 3057; baseline 0.002 -15"><span class='ocrx_word' id='word_1_326' title='bbox 350 2997 586 3057; x_wconf 67' lang='lat' dir='ltr'>processerit</span> <span class='ocrx_word' id='word_1_327' title='bbox 601 2997 733 3054; x_wconf 86' lang='lat' dir='ltr'>aliqua</span> <span class='ocrx_word' id='word_1_328' title='bbox 749 2997 858 3042; x_wconf 84' lang='lat' dir='ltr'>crifia</span> <span class='ocrx_word' id='word_1_329' title='bbox 876 3009 1026 3043; x_wconf 65' lang='lat' dir='ltr'>natura</span> <span class='ocrx_word' id='word_1_330' title='bbox 1039 3023 1054 3047; x_wconf 82' lang='lat'>‚</span> <span class='ocrx_word' id='word_1_331' title='bbox 1067 3012 1151 3055; x_wconf 72' lang='lat' dir='ltr'>que</span> <span class='ocrx_word' id='word_1_332' title='bbox 1164 2954 1239 3044; x_wconf 50' lang='lat' dir='ltr'>effe</span> <span class='ocrx_word' id='word_1_333' title='bbox 1256 3010 1327 3053; x_wconf 84' lang='grc' dir='ltr'>ρο·</span> 
     </span>
     <span class='ocr_line' id='line_1_48' title="bbox 350 3055 1327 3123; baseline -0.003 -20"><span class='ocrx_word' id='word_1_334' title='bbox 350 3056 477 3103; x_wconf 84' lang='lat' dir='ltr'>tuerit</span> <span class='ocrx_word' id='word_1_335' title='bbox 509 3056 831 3123; x_wconf 73' lang='lat' dir='ltr'>mutarit3item</span> <span class='ocrx_word' id='word_1_336' title='bbox 847 3057 980 3113; x_wconf 82' lang='lat' dir='ltr'>‚quod</span> <span class='ocrx_word' id='word_1_337' title='bbox 1013 3056 1150 3103; x_wconf 85' lang='lat' dir='ltr'>taliter</span> <span class='ocrx_word' id='word_1_338' title='bbox 1175 3055 1327 3100; x_wconf 77' lang='lat' dir='ltr'>sanatus</span> 
     </span>
     <span class='ocr_line' id='line_1_49' title="bbox 348 3114 1327 3242; baseline -0.002 -22"><span class='ocrx_word' id='word_1_339' title='bbox 348 3114 1091 3242; x_wconf 47' lang='lat' dir='ltr'>asentifszfflwssaffiata</span> <span class='ocrx_word' id='word_1_340' title='bbox 1104 3116 1327 3219; x_wconf 57' lang='lat' dir='ltr'>‘flatum</span> 
     </span>
     <span class='ocr_line' id='line_1_50' title="bbox 352 3229 808 3280; baseline -0.013 0"><span class='ocrx_word' id='word_1_341' title='bbox 352 3243 438 3280; x_wconf 82' lang='lat' dir='ltr'>tem</span> <span class='ocrx_word' id='word_1_342' title='bbox 455 3246 533 3276; x_wconf 87' lang='lat' dir='ltr'>non</span> <span class='ocrx_word' id='word_1_343' title='bbox 550 3229 784 3276; x_wconf 75' lang='lat' dir='ltr'>reincidertt</span> <span class='ocrx_word' id='word_1_344' title='bbox 797 3258 808 3270; x_wconf 83' lang='lat'><strong>·</strong></span> 
     </span>
    </p>

    <p class='ocr_par' dir='ltr' id='par_1_9' title="bbox 353 3289 1327 3687">
     <span class='ocr_line' id='line_1_51' title="bbox 455 3289 1327 3341; baseline 0 -8"><span class='ocrx_word' id='word_1_345' title='bbox 455 3289 723 3334; x_wconf 68' lang='lat' dir='ltr'>considerat!</span> <span class='ocrx_word' id='word_1_346' title='bbox 737 3290 873 3335; x_wconf 90' lang='lat' dir='ltr'>taliter</span> <span class='ocrx_word' id='word_1_347' title='bbox 888 3289 1071 3335; x_wconf 79' lang='lat' dir='ltr'>miraculi</span> <span class='ocrx_word' id='word_1_348' title='bbox 1087 3289 1327 3341; x_wconf 64' lang='lat' dir='ltr'>revelantis,</span> 
     </span>
     <span class='ocr_line' id='line_1_52' title="bbox 355 3346 1326 3406; baseline -0.004 -11"><span class='ocrx_word' id='word_1_349' title='bbox 355 3349 543 3405; x_wconf 68' lang='lat' dir='ltr'>indagare</span> <span class='ocrx_word' id='word_1_350' title='bbox 558 3347 672 3393; x_wconf 83' lang='lat' dir='ltr'>fimul</span> <span class='ocrx_word' id='word_1_351' title='bbox 686 3359 852 3406; x_wconf 80' lang='lat' dir='ltr'>oportet</span> <span class='ocrx_word' id='word_1_352' title='bbox 867 3376 882 3399; x_wconf 83' lang='lat'><em>‚</em></span> <span class='ocrx_word' id='word_1_353' title='bbox 904 3364 949 3392; x_wconf 82' lang='lat' dir='ltr'>an</span> <span class='ocrx_word' id='word_1_354' title='bbox 966 3348 1093 3395; x_wconf 81' lang='lat' dir='ltr'>adetse</span> <span class='ocrx_word' id='word_1_355' title='bbox 1116 3350 1227 3406; x_wconf 73' lang='lat' dir='ltr'>ponit</span> <span class='ocrx_word' id='word_1_356' title='bbox 1246 3346 1326 3394; x_wconf 88' lang='lat' dir='ltr'>sus-</span> 
     </span>
     <span class='ocr_line' id='line_1_53' title="bbox 353 3405 1324 3464; baseline -0.002 -10"><span class='ocrx_word' id='word_1_357' title='bbox 353 3408 490 3454; x_wconf 75' lang='lat' dir='ltr'>ficiena</span> <span class='ocrx_word' id='word_1_358' title='bbox 504 3405 679 3462; x_wconf 75' lang='lat' dir='ltr'>ejusdem</span> <span class='ocrx_word' id='word_1_359' title='bbox 700 3407 883 3453; x_wconf 81' lang='lat' dir='ltr'>miraculi</span> <span class='ocrx_word' id='word_1_360' title='bbox 910 3409 1120 3463; x_wconf 78' lang='lat' dir='ltr'>probatio,</span> <span class='ocrx_word' id='word_1_361' title='bbox 1145 3408 1252 3464; x_wconf 68' lang='lat' dir='ltr'>quod</span> <span class='ocrx_word' id='word_1_362' title='bbox 1269 3409 1324 3452; x_wconf 90' lang='lat' dir='ltr'>ni·</span> 
     </span>
     <span class='ocr_line' id='line_1_54' title="bbox 354 3465 1325 3524; baseline -0.001 -13"><span class='ocrx_word' id='word_1_363' title='bbox 354 3470 499 3512; x_wconf 88' lang='lat' dir='ltr'>mirum</span> <span class='ocrx_word' id='word_1_364' title='bbox 520 3467 653 3510; x_wconf 83' lang='lat' dir='ltr'>haberi</span> <span class='ocrx_word' id='word_1_365' title='bbox 668 3465 808 3524; x_wconf 68' lang='lat' dir='ltr'>possint</span> <span class='ocrx_word' id='word_1_366' title='bbox 826 3465 877 3510; x_wconf 82' lang='lat' dir='ltr'>ad</span> <span class='ocrx_word' id='word_1_367' title='bbox 890 3467 1015 3509; x_wconf 84' lang='lat' dir='ltr'>minua</span> <span class='ocrx_word' id='word_1_368' title='bbox 1032 3478 1141 3519; x_wconf 74' lang='lat' dir='ltr'>tres,</span> <span class='ocrx_word' id='word_1_369' title='bbox 1154 3478 1219 3510; x_wconf 91' lang='lat' dir='ltr'>aut</span> <span class='ocrx_word' id='word_1_370' title='bbox 1234 3481 1325 3524; x_wconf 83' lang='lat' dir='ltr'>qua·</span> 
     </span>
     <span class='ocr_line' id='line_1_55' title="bbox 355 3522 1323 3584; baseline 0 -14"><span class='ocrx_word' id='word_1_371' title='bbox 355 3538 446 3570; x_wconf 87' lang='lat' dir='ltr'>tuor</span> <span class='ocrx_word' id='word_1_372' title='bbox 464 3525 597 3584; x_wconf 58' lang='grc' dir='ltr'>’ξι-Ωιι</span> <span class='ocrx_word' id='word_1_373' title='bbox 612 3552 626 3573; x_wconf 81' lang='lat'>‚</span> <span class='ocrx_word' id='word_1_374' title='bbox 655 3525 723 3583; x_wconf 88' lang='lat' dir='ltr'>qui</span> <span class='ocrx_word' id='word_1_375' title='bbox 739 3524 791 3569; x_wconf 83' lang='lat' dir='ltr'>de</span> <span class='ocrx_word' id='word_1_376' title='bbox 811 3522 894 3569; x_wconf 78' lang='lat' dir='ltr'>visu</span> <span class='ocrx_word' id='word_1_377' title='bbox 909 3554 924 3578; x_wconf 83' lang='lat'>,</span> <span class='ocrx_word' id='word_1_378' title='bbox 952 3526 989 3568; x_wconf 82' lang='lat'>&amp;</span> <span class='ocrx_word' id='word_1_379' title='bbox 1010 3525 1166 3581; x_wconf 86' lang='lat' dir='ltr'>propria</span> <span class='ocrx_word' id='word_1_380' title='bbox 1187 3526 1323 3570; x_wconf 82' lang='lat' dir='ltr'>obscr-</span> 
     </span>
     <span class='ocr_line' id='line_1_56' title="bbox 355 3583 1324 3630; baseline 0.002 -2"><span class='ocrx_word' id='word_1_381' title='bbox 355 3586 519 3629; x_wconf 76' lang='lat' dir='ltr'>vatione</span> <span class='ocrx_word' id='word_1_382' title='bbox 543 3583 643 3627; x_wconf 88' lang='lat' dir='ltr'>illud</span> <span class='ocrx_word' id='word_1_383' title='bbox 674 3583 887 3629; x_wconf 70' lang='lat' dir='ltr'>contestari</span> <span class='ocrx_word' id='word_1_384' title='bbox 915 3585 1071 3629; x_wconf 73' lang='lat' dir='ltr'>valcant</span> <span class='ocrx_word' id='word_1_385' title='bbox 1089 3597 1180 3629; x_wconf 89' lang='lat' dir='ltr'>cum</span> <span class='ocrx_word' id='word_1_386' title='bbox 1194 3587 1324 3630; x_wconf 89' lang='lat' dir='ltr'>omni-</span> 
     </span>
     <span class='ocr_line' id='line_1_57' title="bbox 354 3641 859 3687; baseline 0 -2"><span class='ocrx_word' id='word_1_387' title='bbox 354 3646 424 3687; x_wconf 87' lang='lat' dir='ltr'>bua</span> <span class='ocrx_word' id='word_1_388' title='bbox 441 3643 516 3686; x_wconf 83' lang='lat' dir='ltr'>luia</span> <span class='ocrx_word' id='word_1_389' title='bbox 530 3641 834 3686; x_wconf 74' lang='lat' dir='ltr'>circumstantiis</span> <span class='ocrx_word' id='word_1_390' title='bbox 847 3673 859 3685; x_wconf 88' lang='lat'><strong>.</strong></span> 
     </span>
    </p>

    <p class='ocr_par' dir='ltr' id='par_1_10' title="bbox 361 3698 1331 3880">
     <span class='ocr_line' id='line_1_58' title="bbox 470 3698 1328 3758; baseline 0.001 -13"><span class='ocrx_word' id='word_1_391' title='bbox 470 3703 543 3745; x_wconf 76' lang='lat' dir='ltr'>His</span> <span class='ocrx_word' id='word_1_392' title='bbox 557 3701 613 3745; x_wconf 93' lang='lat' dir='ltr'>ita</span> <span class='ocrx_word' id='word_1_393' title='bbox 632 3701 826 3758; x_wconf 69' lang='lat' dir='ltr'>premiilia</span> <span class='ocrx_word' id='word_1_394' title='bbox 840 3729 854 3752; x_wconf 84' lang='lat'><strong>‚</strong></span> <span class='ocrx_word' id='word_1_395' title='bbox 869 3698 983 3756; x_wconf 78' lang='lat' dir='ltr'>super</span> <span class='ocrx_word' id='word_1_396' title='bbox 995 3703 1178 3747; x_wconf 68' lang='lat' dir='ltr'>omnibus</span> <span class='ocrx_word' id='word_1_397' title='bbox 1197 3704 1242 3748; x_wconf 82' lang='lat' dir='ltr'>iis</span> <span class='ocrx_word' id='word_1_398' title='bbox 1257 3705 1328 3747; x_wconf 84' lang='lat' dir='ltr'>mi.</span> 
     </span>
     <span class='ocr_line' id='line_1_59' title="bbox 363 3757 1331 3816; baseline 0.008 -17"><span class='ocrx_word' id='word_1_399' title='bbox 363 3759 508 3799; x_wconf 75' lang='lat' dir='ltr'>rat-ulia</span> <span class='ocrx_word' id='word_1_400' title='bbox 538 3786 553 3810; x_wconf 85' lang='lat'>‚</span> <span class='ocrx_word' id='word_1_401' title='bbox 583 3774 669 3816; x_wconf 80' lang='lat' dir='ltr'>qua·</span> <span class='ocrx_word' id='word_1_402' title='bbox 686 3757 927 3816; x_wconf 68' lang='lat' dir='ltr'>prudentum</span> <span class='ocrx_word' id='word_1_403' title='bbox 947 3760 1094 3813; x_wconf 80' lang='lat' dir='ltr'>iudicio</span> <span class='ocrx_word' id='word_1_404' title='bbox 1108 3772 1226 3806; x_wconf 79' lang='lat' dir='ltr'>tantoe</span> <span class='ocrx_word' id='word_1_405' title='bbox 1248 3764 1331 3807; x_wconf 83' lang='lat' dir='ltr'>cai-</span> 
     </span>
     <span class='ocr_line' id='line_1_60' title="bbox 361 3815 1327 3880; baseline 0.009 -22"><span class='ocrx_word' id='word_1_406' title='bbox 361 3815 564 3859; x_wconf 74' lang='lat' dir='ltr'>stimantur</span> <span class='ocrx_word' id='word_1_407' title='bbox 579 3818 807 3867; x_wconf 64' lang='lat' dir='ltr'>relevantia</span> <span class='ocrx_word' id='word_1_408' title='bbox 821 3846 837 3872; x_wconf 83' lang='lat'>,</span> <span class='ocrx_word' id='word_1_409' title='bbox 852 3830 898 3864; x_wconf 88' lang='lat' dir='ltr'>ut</span> <span class='ocrx_word' id='word_1_410' title='bbox 914 3819 964 3862; x_wconf 86' lang='lat' dir='ltr'>de</span> <span class='ocrx_word' id='word_1_411' title='bbox 980 3820 1027 3865; x_wconf 85' lang='lat' dir='ltr'>iia</span> <span class='ocrx_word' id='word_1_412' title='bbox 1041 3819 1196 3880; x_wconf 84' lang='lat' dir='ltr'>sperare</span> <span class='ocrx_word' id='word_1_413' title='bbox 1212 3821 1327 3869; x_wconf 84' lang='lat' dir='ltr'>liceat</span> 
     </span>
    </p>
   </div>
   <div class='ocr_carea' id='block_1_6' title="bbox 1053 224 1566 313">
    <p class='ocr_par' dir='ltr' id='par_1_11' title="bbox 1053 224 1566 313">
     <span class='ocr_line' id='line_1_61' title="bbox 1053 224 1566 313; baseline 0.012 -8"><span class='ocrx_word' id='word_1_414' title='bbox 1053 224 1566 313; x_wconf 78' lang='lat' dir='ltr'>Monumenta</span> 
     </span>
    </p>
   </div>
   <div class='ocr_carea' id='block_1_7' title="bbox 1373 357 2365 3929">
    <p class='ocr_par' dir='ltr' id='par_1_12' title="bbox 1373 357 2356 643">
     <span class='ocr_line' id='line_1_62' title="bbox 1373 357 2356 420; baseline -0.003 -14"><span class='ocrx_word' id='word_1_415' title='bbox 1373 367 1424 407; x_wconf 88' lang='lat' dir='ltr'>ab</span> <span class='ocrx_word' id='word_1_416' title='bbox 1438 361 1677 420; x_wconf 87' lang='lat' dir='ltr'>Apostolica</span> <span class='ocrx_word' id='word_1_417' title='bbox 1702 362 1803 406; x_wconf 90' lang='lat' dir='ltr'>Sede</span> <span class='ocrx_word' id='word_1_418' title='bbox 1830 360 2161 418; x_wconf 80' lang='lat' dir='ltr'>approbationem</span> <span class='ocrx_word' id='word_1_419' title='bbox 2175 363 2202 410; x_wconf 69' lang='lat'>,²</span> <span class='ocrx_word' id='word_1_420' title='bbox 2222 371 2269 402; x_wconf 85' lang='lat' dir='ltr'>ae</span> <span class='ocrx_word' id='word_1_421' title='bbox 2290 357 2356 409; x_wconf 63' lang='grc' dir='ltr'>Γιι-α</span> 
     </span>
     <span class='ocr_line' id='line_1_63' title="bbox 1373 417 2349 479; baseline -0.005 -12"><span class='ocrx_word' id='word_1_422' title='bbox 1373 437 1443 478; x_wconf 86' lang='lat' dir='ltr'>per</span> <span class='ocrx_word' id='word_1_423' title='bbox 1462 423 1604 479; x_wconf 87' lang='lat' dir='ltr'>quibus</span> <span class='ocrx_word' id='word_1_424' title='bbox 1618 421 1751 465; x_wconf 84' lang='lat' dir='ltr'>haberi</span> <span class='ocrx_word' id='word_1_425' title='bbox 1768 421 1897 478; x_wconf 79' lang='lat' dir='ltr'>potest</span> <span class='ocrx_word' id='word_1_426' title='bbox 1910 420 2106 465; x_wconf 76' lang='lat' dir='ltr'>sufficiens</span> <span class='ocrx_word' id='word_1_427' title='bbox 2126 417 2320 476; x_wconf 88' lang='lat' dir='ltr'>probatio</span> <span class='ocrx_word' id='word_1_428' title='bbox 2331 447 2349 469; x_wconf 91' lang='lat'>,</span> 
     </span>
     <span class='ocr_line' id='line_1_64' title="bbox 1373 475 2351 538; baseline -0.005 -15"><span class='ocrx_word' id='word_1_429' title='bbox 1373 483 1454 538; x_wconf 75' lang='lat' dir='ltr'>quo</span> <span class='ocrx_word' id='word_1_430' title='bbox 1481 481 1599 525; x_wconf 83' lang='lat' dir='ltr'>citius</span> <span class='ocrx_word' id='word_1_431' title='bbox 1623 479 1709 523; x_wconf 90' lang='lat' dir='ltr'>fieri</span> <span class='ocrx_word' id='word_1_432' title='bbox 1736 481 1873 532; x_wconf 84' lang='lat' dir='ltr'>valet,</span> <span class='ocrx_word' id='word_1_433' title='bbox 1902 479 2200 527; x_wconf 78' lang='lat' dir='ltr'>extendantur,</span> <span class='ocrx_word' id='word_1_434' title='bbox 2229 475 2272 518; x_wconf 75' lang='grc' dir='ltr'>δι</span> <span class='ocrx_word' id='word_1_435' title='bbox 2297 478 2351 519; x_wconf 83' lang='lat' dir='ltr'>ad</span> 
     </span>
     <span class='ocr_line' id='line_1_65' title="bbox 1377 533 2350 596; baseline -0.006 -13"><span class='ocrx_word' id='word_1_436' title='bbox 1377 541 1529 584; x_wconf 88' lang='lat' dir='ltr'>Urbem</span> <span class='ocrx_word' id='word_1_437' title='bbox 1546 540 1756 583; x_wconf 81' lang='lat' dir='ltr'>mittantur</span> <span class='ocrx_word' id='word_1_438' title='bbox 1768 539 1992 596; x_wconf 83' lang='lat' dir='ltr'>pleniffimae</span> <span class='ocrx_word' id='word_1_439' title='bbox 2009 567 2022 591; x_wconf 87' lang='lat'>,</span> <span class='ocrx_word' id='word_1_440' title='bbox 2044 533 2350 581; x_wconf 20' lang='lat' dir='ltr'>acrdiffufiffimae</span> 
     </span>
     <span class='ocr_line' id='line_1_66' title="bbox 1374 600 1618 643; baseline -0.012 0"><span class='ocrx_word' id='word_1_441' title='bbox 1374 600 1592 643; x_wconf 82' lang='lat' dir='ltr'>relationes</span> <span class='ocrx_word' id='word_1_442' title='bbox 1607 627 1618 640; x_wconf 92' lang='lat'>.</span> 
     </span>
    </p>

    <p class='ocr_par' dir='ltr' id='par_1_13' title="bbox 1373 654 2358 1416">
     <span class='ocr_line' id='line_1_67' title="bbox 1487 654 2351 716; baseline -0.006 -15"><span class='ocrx_word' id='word_1_443' title='bbox 1487 657 1692 716; x_wconf 86' lang='lat' dir='ltr'>Qoniam</span> <span class='ocrx_word' id='word_1_444' title='bbox 1708 659 1808 704; x_wconf 72' lang='lat' dir='ltr'>vero</span> <span class='ocrx_word' id='word_1_445' title='bbox 1831 658 2022 714; x_wconf 76' lang='lat' dir='ltr'>pleraque</span> <span class='ocrx_word' id='word_1_446' title='bbox 2038 654 2238 698; x_wconf 84' lang='lat' dir='ltr'>Mitacula</span> <span class='ocrx_word' id='word_1_447' title='bbox 2251 679 2280 707; x_wconf 59' lang='grc'>,»</span> <span class='ocrx_word' id='word_1_448' title='bbox 2297 657 2351 698; x_wconf 48' lang='lat' dir='ltr'>stc»</span> 
     </span>
     <span class='ocr_line' id='line_1_68' title="bbox 1374 711 2350 773; baseline -0.008 -13"><span class='ocrx_word' id='word_1_449' title='bbox 1374 716 1612 773; x_wconf 86' lang='lat' dir='ltr'>disponente</span> <span class='ocrx_word' id='word_1_450' title='bbox 1641 717 1818 760; x_wconf 90' lang='lat' dir='ltr'>Domino</span> <span class='ocrx_word' id='word_1_451' title='bbox 1834 719 1872 759; x_wconf 89' lang='lat' dir='ltr'>in</span> <span class='ocrx_word' id='word_1_452' title='bbox 1891 714 2159 759; x_wconf 82' lang='lat' dir='ltr'>sanationibus</span> <span class='ocrx_word' id='word_1_453' title='bbox 2176 711 2197 754; x_wconf 71' lang='grc' dir='ltr'><strong>ἑ</strong></span> <span class='ocrx_word' id='word_1_454' title='bbox 2211 713 2350 758; x_wconf 72' lang='lat' dir='ltr'>diver-</span> 
     </span>
     <span class='ocr_line' id='line_1_69' title="bbox 1375 772 2354 831; baseline -0.008 -12"><span class='ocrx_word' id='word_1_455' title='bbox 1375 775 1421 823; x_wconf 84' lang='lat' dir='ltr'>fis</span> <span class='ocrx_word' id='word_1_456' title='bbox 1438 777 1587 818; x_wconf 85' lang='lat' dir='ltr'>morbis</span> <span class='ocrx_word' id='word_1_457' title='bbox 1603 776 1839 831; x_wconf 86' lang='lat' dir='ltr'>contingere</span> <span class='ocrx_word' id='word_1_458' title='bbox 1870 775 2028 822; x_wconf 85' lang='lat' dir='ltr'>solent,</span> <span class='ocrx_word' id='word_1_459' title='bbox 2060 772 2151 815; x_wconf 91' lang='lat' dir='ltr'>ideo</span> <span class='ocrx_word' id='word_1_460' title='bbox 2165 785 2257 813; x_wconf 90' lang='lat' dir='ltr'>cum</span> <span class='ocrx_word' id='word_1_461' title='bbox 2281 785 2354 816; x_wconf 80' lang='lat' dir='ltr'>ea-</span> 
     </span>
     <span class='ocr_line' id='line_1_70' title="bbox 1374 829 2348 904; baseline -0.007 -25"><span class='ocrx_word' id='word_1_462' title='bbox 1374 834 1558 879; x_wconf 89' lang='lat' dir='ltr'>rumdem</span> <span class='ocrx_word' id='word_1_463' title='bbox 1577 833 1820 904; x_wconf 71' lang='lat' dir='ltr'>sanationum</span> <span class='ocrx_word' id='word_1_464' title='bbox 1840 831 2048 899; x_wconf 73' lang='lat' dir='ltr'>hypothesi</span> <span class='ocrx_word' id='word_1_465' title='bbox 2064 829 2348 898; x_wconf 75' lang='lat' dir='ltr'>procedendo,</span> 
     </span>
     <span class='ocr_line' id='line_1_71' title="bbox 1373 889 2353 1009; baseline -0.003 -15"><span class='ocrx_word' id='word_1_466' title='bbox 1373 889 2353 1009; x_wconf 47' lang='lat' dir='ltr'>gieffi‘tssrfsffntssz‘s&#39;zzzzi{²333gaqffissabssssbi}</span> 
     </span>
     <span class='ocr_line' id='line_1_72' title="bbox 1375 1009 2352 1066; baseline -0.005 -13"><span class='ocrx_word' id='word_1_467' title='bbox 1375 1014 1562 1059; x_wconf 84' lang='lat' dir='ltr'>Nomen,</span> <span class='ocrx_word' id='word_1_468' title='bbox 1586 1009 1849 1066; x_wconf 81' lang='lat' dir='ltr'>Cognomen,</span> <span class='ocrx_word' id='word_1_469' title='bbox 1875 1012 1913 1052; x_wconf 81' lang='grc' dir='ltr'>δι</span> <span class='ocrx_word' id='word_1_470' title='bbox 1941 1011 2052 1052; x_wconf 78' lang='lat' dir='ltr'>AEtas</span> <span class='ocrx_word' id='word_1_471' title='bbox 2077 1009 2240 1051; x_wconf 83' lang='lat' dir='ltr'>Sanati:</span> <span class='ocrx_word' id='word_1_472' title='bbox 2271 1020 2352 1062; x_wconf 85' lang='lat' dir='ltr'>qua</span> 
     </span>
     <span class='ocr_line' id='line_1_73' title="bbox 1378 1064 2353 1120; baseline -0.006 -8"><span class='ocrx_word' id='word_1_473' title='bbox 1378 1069 1415 1112; x_wconf 91' lang='lat' dir='ltr'>in</span> <span class='ocrx_word' id='word_1_474' title='bbox 1432 1079 1548 1111; x_wconf 86' lang='lat' dir='ltr'>aetate</span> <span class='ocrx_word' id='word_1_475' title='bbox 1562 1078 1648 1110; x_wconf 86' lang='lat' dir='ltr'>erat</span> <span class='ocrx_word' id='word_1_476' title='bbox 1665 1069 1903 1112; x_wconf 88' lang='lat' dir='ltr'>constitutus</span> <span class='ocrx_word' id='word_1_477' title='bbox 1916 1095 1931 1120; x_wconf 89' lang='lat'>,</span> <span class='ocrx_word' id='word_1_478' title='bbox 1954 1070 2051 1111; x_wconf 92' lang='lat' dir='ltr'>dum</span> <span class='ocrx_word' id='word_1_479' title='bbox 2065 1064 2257 1109; x_wconf 83' lang='lat' dir='ltr'>infirmari</span> <span class='ocrx_word' id='word_1_480' title='bbox 2274 1079 2353 1107; x_wconf 78' lang='lat' dir='ltr'>cae-</span> 
     </span>
     <span class='ocr_line' id='line_1_74' title="bbox 1377 1121 2357 1186; baseline -0.002 -16"><span class='ocrx_word' id='word_1_481' title='bbox 1377 1129 1465 1184; x_wconf 86' lang='lat' dir='ltr'>pit:</span> <span class='ocrx_word' id='word_1_482' title='bbox 1494 1140 1603 1186; x_wconf 90' lang='lat' dir='ltr'>quo,</span> <span class='ocrx_word' id='word_1_483' title='bbox 1628 1124 1692 1168; x_wconf 91' lang='lat' dir='ltr'>seu</span> <span class='ocrx_word' id='word_1_484' title='bbox 1706 1141 1783 1183; x_wconf 88' lang='lat' dir='ltr'>qua</span> <span class='ocrx_word' id='word_1_485' title='bbox 1801 1126 1928 1183; x_wconf 85' lang='lat' dir='ltr'>specie</span> <span class='ocrx_word' id='word_1_486' title='bbox 1957 1125 2088 1169; x_wconf 88' lang='lat' dir='ltr'>morbi</span> <span class='ocrx_word' id='word_1_487' title='bbox 2106 1122 2229 1167; x_wconf 80' lang='lat' dir='ltr'>fiterit</span> <span class='ocrx_word' id='word_1_488' title='bbox 2258 1121 2357 1168; x_wconf 54' lang='lat' dir='ltr'>affe-</span> 
     </span>
     <span class='ocr_line' id='line_1_75' title="bbox 1378 1182 2353 1242; baseline -0.006 -13"><span class='ocrx_word' id='word_1_489' title='bbox 1378 1189 1488 1229; x_wconf 74' lang='lat' dir='ltr'>etus:</span> <span class='ocrx_word' id='word_1_490' title='bbox 1516 1199 1601 1242; x_wconf 88' lang='lat' dir='ltr'>quae</span> <span class='ocrx_word' id='word_1_491' title='bbox 1624 1184 1813 1241; x_wconf 67' lang='lat' dir='ltr'>&amp;qualia</span> <span class='ocrx_word' id='word_1_492' title='bbox 1838 1183 2128 1227; x_wconf 84' lang='lat' dir='ltr'>medicamenta</span> <span class='ocrx_word' id='word_1_493' title='bbox 2156 1184 2208 1225; x_wconf 73' lang='lat' dir='ltr'>‚ab</span> <span class='ocrx_word' id='word_1_494' title='bbox 2237 1182 2353 1223; x_wconf 87' lang='lat' dir='ltr'>initio</span> 
     </span>
     <span class='ocr_line' id='line_1_76' title="bbox 1378 1237 2358 1300; baseline -0.006 -12"><span class='ocrx_word' id='word_1_495' title='bbox 1378 1245 1507 1288; x_wconf 91' lang='lat' dir='ltr'>morbi</span> <span class='ocrx_word' id='word_1_496' title='bbox 1531 1241 1653 1300; x_wconf 85' lang='lat' dir='ltr'>usque</span> <span class='ocrx_word' id='word_1_497' title='bbox 1679 1243 1732 1285; x_wconf 87' lang='lat' dir='ltr'>ad</span> <span class='ocrx_word' id='word_1_498' title='bbox 1757 1241 2004 1286; x_wconf 88' lang='lat' dir='ltr'>sanationem</span> <span class='ocrx_word' id='word_1_499' title='bbox 2033 1243 2175 1285; x_wconf 86' lang='lat' dir='ltr'>eidem</span> <span class='ocrx_word' id='word_1_500' title='bbox 2196 1237 2358 1284; x_wconf 80' lang='lat' dir='ltr'>fuerunt</span> 
     </span>
     <span class='ocr_line' id='line_1_77' title="bbox 1377 1297 2355 1416; baseline -0.004 -11"><span class='ocrx_word' id='word_1_501' title='bbox 1377 1304 1617 1406; x_wconf 39' lang='lat' dir='ltr'>2133?ssss</span> <span class='ocrx_word' id='word_1_502' title='bbox 1627 1301 1932 1416; x_wconf 57' lang='lat'>5:3531‘33‘52?</span> <span class='ocrx_word' id='word_1_503' title='bbox 1943 1297 2355 1415; x_wconf 51' lang='lat'>3333352‘523511&#39;3</span> 
     </span>
    </p>

    <p class='ocr_par' dir='ltr' id='par_1_14' title="bbox 1378 1392 2364 2119">
     <span class='ocr_line' id='line_1_78' title="bbox 1520 1392 1535 1413; baseline 0 0"><span class='ocrx_word' id='word_1_504' title='bbox 1520 1392 1535 1413; x_wconf 72' lang='lat'><em>2</em></span> 
     </span>
     <span class='ocr_line' id='line_1_79' title="bbox 1379 1415 2359 1477; baseline -0.008 -11"><span class='ocrx_word' id='word_1_505' title='bbox 1379 1420 1628 1477; x_wconf 71' lang='lat' dir='ltr'>reportarit,</span> <span class='ocrx_word' id='word_1_506' title='bbox 1659 1419 1722 1462; x_wconf 85' lang='lat' dir='ltr'>vel</span> <span class='ocrx_word' id='word_1_507' title='bbox 1737 1419 1871 1476; x_wconf 87' lang='lat' dir='ltr'>potius</span> <span class='ocrx_word' id='word_1_508' title='bbox 1887 1445 1901 1470; x_wconf 94' lang='lat'>,</span> <span class='ocrx_word' id='word_1_509' title='bbox 1924 1417 1971 1460; x_wconf 89' lang='lat' dir='ltr'>iis</span> <span class='ocrx_word' id='word_1_510' title='bbox 1988 1431 2066 1460; x_wconf 90' lang='lat' dir='ltr'>non</span> <span class='ocrx_word' id='word_1_511' title='bbox 2079 1415 2359 1468; x_wconf 77' lang='lat' dir='ltr'>obstantibus,</span> 
     </span>
     <span class='ocr_line' id='line_1_80' title="bbox 1381 1471 2358 1534; baseline -0.012 -10"><span class='ocrx_word' id='word_1_512' title='bbox 1381 1483 1541 1524; x_wconf 84' lang='lat' dir='ltr'>morbus</span> <span class='ocrx_word' id='word_1_513' title='bbox 1557 1479 1710 1534; x_wconf 85' lang='lat' dir='ltr'>semper</span> <span class='ocrx_word' id='word_1_514' title='bbox 1721 1478 1762 1520; x_wconf 90' lang='lat' dir='ltr'>in</span> <span class='ocrx_word' id='word_1_515' title='bbox 1776 1475 1839 1519; x_wconf 77' lang='lat' dir='ltr'>fita</span> <span class='ocrx_word' id='word_1_516' title='bbox 1853 1477 2104 1520; x_wconf 86' lang='lat' dir='ltr'>contumacia</span> <span class='ocrx_word' id='word_1_517' title='bbox 2120 1471 2358 1532; x_wconf 78' lang='lat' dir='ltr'>persevera.</span> 
     </span>
     <span class='ocr_line' id='line_1_81' title="bbox 1381 1533 2358 1595; baseline -0.007 -12"><span class='ocrx_word' id='word_1_518' title='bbox 1381 1540 1487 1590; x_wconf 81' lang='lat' dir='ltr'>verit</span> <span class='ocrx_word' id='word_1_519' title='bbox 1503 1568 1520 1590; x_wconf 88' lang='lat'>,</span> <span class='ocrx_word' id='word_1_520' title='bbox 1549 1546 1703 1595; x_wconf 86' lang='lat' dir='ltr'>quanto</span> <span class='ocrx_word' id='word_1_521' title='bbox 1718 1534 1815 1580; x_wconf 84' lang='lat' dir='ltr'>item</span> <span class='ocrx_word' id='word_1_522' title='bbox 1830 1545 2011 1592; x_wconf 89' lang='lat' dir='ltr'>tempore</span> <span class='ocrx_word' id='word_1_523' title='bbox 2023 1534 2134 1577; x_wconf 72' lang='lat' dir='ltr'>dieto</span> <span class='ocrx_word' id='word_1_524' title='bbox 2149 1533 2358 1576; x_wconf 87' lang='lat' dir='ltr'>morboil.</span> 
     </span>
     <span class='ocr_line' id='line_1_82' title="bbox 1379 1590 2359 1653; baseline -0.008 -10"><span class='ocrx_word' id='word_1_525' title='bbox 1379 1598 1418 1643; x_wconf 93' lang='lat' dir='ltr'>le</span> <span class='ocrx_word' id='word_1_526' title='bbox 1433 1597 1631 1641; x_wconf 77' lang='lat' dir='ltr'>laboravit</span> <span class='ocrx_word' id='word_1_527' title='bbox 1644 1622 1663 1653; x_wconf 75' lang='lat'>,¹</span> <span class='ocrx_word' id='word_1_528' title='bbox 1677 1591 1926 1640; x_wconf 89' lang='lat' dir='ltr'>recensendo</span> <span class='ocrx_word' id='word_1_529' title='bbox 1942 1593 2125 1636; x_wconf 66' lang='lat' dir='ltr'>distincte</span> <span class='ocrx_word' id='word_1_530' title='bbox 2139 1621 2154 1645; x_wconf 87' lang='lat'>,</span> <span class='ocrx_word' id='word_1_531' title='bbox 2179 1605 2227 1635; x_wconf 89' lang='lat' dir='ltr'>ac</span> <span class='ocrx_word' id='word_1_532' title='bbox 2241 1590 2359 1636; x_wconf 80' lang='lat' dir='ltr'>diffu-</span> 
     </span>
     <span class='ocr_line' id='line_1_83' title="bbox 1378 1650 2358 1713; baseline -0.007 -13"><span class='ocrx_word' id='word_1_533' title='bbox 1378 1658 1422 1701; x_wconf 72' lang='lat' dir='ltr'>se</span> <span class='ocrx_word' id='word_1_534' title='bbox 1436 1656 1494 1713; x_wconf 77' lang='lat' dir='ltr'>eju</span> <span class='ocrx_word' id='word_1_535' title='bbox 1501 1654 1607 1699; x_wconf 88' lang='lat' dir='ltr'>sdem</span> <span class='ocrx_word' id='word_1_536' title='bbox 1620 1654 1751 1698; x_wconf 91' lang='lat' dir='ltr'>morbi</span> <span class='ocrx_word' id='word_1_537' title='bbox 1765 1651 2022 1711; x_wconf 88' lang='lat' dir='ltr'>qualitatem,</span> <span class='ocrx_word' id='word_1_538' title='bbox 2033 1650 2244 1702; x_wconf 84' lang='lat' dir='ltr'>acceffum,</span> <span class='ocrx_word' id='word_1_539' title='bbox 2257 1664 2358 1710; x_wconf 48' lang='lat' dir='ltr'>aug«</span> 
     </span>
     <span class='ocr_line' id='line_1_84' title="bbox 1378 1710 2351 1768; baseline -0.006 -9"><span class='ocrx_word' id='word_1_540' title='bbox 1378 1725 1558 1760; x_wconf 90' lang='lat' dir='ltr'>mentum</span> <span class='ocrx_word' id='word_1_541' title='bbox 1575 1743 1590 1767; x_wconf 87' lang='lat'>,</span> <span class='ocrx_word' id='word_1_542' title='bbox 1614 1714 1895 1762; x_wconf 86' lang='lat' dir='ltr'>durationem,</span> <span class='ocrx_word' id='word_1_543' title='bbox 1928 1710 2198 1768; x_wconf 84' lang='lat' dir='ltr'>symptomata</span> <span class='ocrx_word' id='word_1_544' title='bbox 2213 1738 2228 1762; x_wconf 87' lang='lat'>,</span> <span class='ocrx_word' id='word_1_545' title='bbox 2259 1725 2351 1754; x_wconf 87' lang='lat' dir='ltr'>om-</span> 
     </span>
     <span class='ocr_line' id='line_1_85' title="bbox 1380 1767 2354 1831; baseline -0.006 -11"><span class='ocrx_word' id='word_1_546' title='bbox 1380 1771 1526 1831; x_wconf 87' lang='lat' dir='ltr'>nesque</span> <span class='ocrx_word' id='word_1_547' title='bbox 1539 1773 1636 1817; x_wconf 73' lang='lat' dir='ltr'>alias</span> <span class='ocrx_word' id='word_1_548' title='bbox 1651 1772 1967 1816; x_wconf 78' lang='lat' dir='ltr'>circumstantias</span> <span class='ocrx_word' id='word_1_549' title='bbox 1981 1771 2031 1813; x_wconf 89' lang='lat' dir='ltr'>ab</span> <span class='ocrx_word' id='word_1_550' title='bbox 2045 1770 2162 1814; x_wconf 87' lang='lat' dir='ltr'>initio</span> <span class='ocrx_word' id='word_1_551' title='bbox 2175 1767 2354 1825; x_wconf 81' lang='lat' dir='ltr'>ejusdem</span> 
     </span>
     <span class='ocr_line' id='line_1_86' title="bbox 1381 1825 2360 1891; baseline -0.005 -13"><span class='ocrx_word' id='word_1_552' title='bbox 1381 1834 1503 1891; x_wconf 88' lang='lat' dir='ltr'>usque</span> <span class='ocrx_word' id='word_1_553' title='bbox 1518 1832 1568 1875; x_wconf 88' lang='lat' dir='ltr'>ad</span> <span class='ocrx_word' id='word_1_554' title='bbox 1583 1832 1881 1876; x_wconf 79' lang='lat' dir='ltr'>invocationem</span> <span class='ocrx_word' id='word_1_555' title='bbox 1892 1830 2004 1874; x_wconf 77' lang='lat' dir='ltr'>Servi</span> <span class='ocrx_word' id='word_1_556' title='bbox 2018 1830 2097 1873; x_wconf 87' lang='lat' dir='ltr'>Dei</span> <span class='ocrx_word' id='word_1_557' title='bbox 2110 1857 2126 1882; x_wconf 94' lang='lat'>,</span> <span class='ocrx_word' id='word_1_558' title='bbox 2149 1825 2216 1872; x_wconf 87' lang='lat' dir='ltr'>seu</span> <span class='ocrx_word' id='word_1_559' title='bbox 2227 1825 2360 1884; x_wconf 84' lang='lat' dir='ltr'>appli·.</span> 
     </span>
     <span class='ocr_line' id='line_1_87' title="bbox 1382 1885 2360 1947; baseline -0.011 -10"><span class='ocrx_word' id='word_1_560' title='bbox 1382 1892 1553 1937; x_wconf 83' lang='lat' dir='ltr'>cationis</span> <span class='ocrx_word' id='word_1_561' title='bbox 1569 1889 1765 1947; x_wconf 65' lang='lat' dir='ltr'>Reliquit</span> <span class='ocrx_word' id='word_1_562' title='bbox 1776 1889 1827 1932; x_wconf 90' lang='lat' dir='ltr'>ad</span> <span class='ocrx_word' id='word_1_563' title='bbox 1842 1888 1954 1932; x_wconf 89' lang='lat' dir='ltr'>illum</span> <span class='ocrx_word' id='word_1_564' title='bbox 1976 1886 2208 1944; x_wconf 66' lang='lat' dir='ltr'>speaantis·</span> <span class='ocrx_word' id='word_1_565' title='bbox 2241 1885 2283 1928; x_wconf 77' lang='grc' dir='ltr'>δι</span> <span class='ocrx_word' id='word_1_566' title='bbox 2306 1898 2360 1927; x_wconf 89' lang='lat' dir='ltr'>an</span> 
     </span>
     <span class='ocr_line' id='line_1_88' title="bbox 1384 1944 2362 1996; baseline -0.008 -4"><span class='ocrx_word' id='word_1_567' title='bbox 1384 1950 1493 1992; x_wconf 89' lang='lat' dir='ltr'>idem</span> <span class='ocrx_word' id='word_1_568' title='bbox 1510 1949 1672 1992; x_wconf 79' lang='lat' dir='ltr'>morbus</span> <span class='ocrx_word' id='word_1_569' title='bbox 1687 1946 1946 1996; x_wconf 86' lang='lat' dir='ltr'>incurabilis,</span> <span class='ocrx_word' id='word_1_570' title='bbox 1972 1945 2038 1988; x_wconf 82' lang='lat' dir='ltr'>vel</span> <span class='ocrx_word' id='word_1_571' title='bbox 2054 1944 2175 1986; x_wconf 85' lang='lat' dir='ltr'>diffici</span> <span class='ocrx_word' id='word_1_572' title='bbox 2263 1955 2362 1989; x_wconf 84' lang='lat' dir='ltr'>ura·-</span> 
     </span>
     <span class='ocr_line' id='line_1_89' title="bbox 1384 1998 2364 2061; baseline -0.006 -12"><span class='ocrx_word' id='word_1_573' title='bbox 1384 2006 1506 2049; x_wconf 81' lang='lat' dir='ltr'>tionis</span> <span class='ocrx_word' id='word_1_574' title='bbox 1522 2005 1718 2061; x_wconf 80' lang='lat' dir='ltr'>judicatus</span> <span class='ocrx_word' id='word_1_575' title='bbox 1743 2004 1863 2046; x_wconf 87' lang='lat' dir='ltr'>fuerit</span> <span class='ocrx_word' id='word_1_576' title='bbox 1890 2008 1915 2049; x_wconf 75' lang='lat' dir='ltr'>a</span> <span class='ocrx_word' id='word_1_577' title='bbox 1941 2002 2140 2054; x_wconf 80' lang='lat' dir='ltr'>Medicis,</span> <span class='ocrx_word' id='word_1_578' title='bbox 2172 1999 2233 2045; x_wconf 85' lang='lat' dir='ltr'>vel</span> <span class='ocrx_word' id='word_1_579' title='bbox 2262 1998 2364 2055; x_wconf 70' lang='lat' dir='ltr'>Chi-j</span> 
     </span>
     <span class='ocr_line' id='line_1_90' title="bbox 1384 2058 2360 2119; baseline -0.007 -10"><span class='ocrx_word' id='word_1_580' title='bbox 1384 2062 1515 2119; x_wconf 83' lang='lat' dir='ltr'>turgis</span> <span class='ocrx_word' id='word_1_581' title='bbox 1527 2090 1543 2116; x_wconf 86' lang='lat'>,</span> <span class='ocrx_word' id='word_1_582' title='bbox 1572 2064 1612 2105; x_wconf 77' lang='grc' dir='ltr'>δι</span> <span class='ocrx_word' id='word_1_583' title='bbox 1626 2077 1674 2105; x_wconf 81' lang='lat' dir='ltr'>cx</span> <span class='ocrx_word' id='word_1_584' title='bbox 1688 2062 1827 2119; x_wconf 66' lang='lat' dir='ltr'>quibus</span> <span class='ocrx_word' id='word_1_585' title='bbox 1842 2062 2062 2105; x_wconf 87' lang='lat' dir='ltr'>rationibus</span> <span class='ocrx_word' id='word_1_586' title='bbox 2075 2086 2090 2110; x_wconf 90' lang='lat'>,</span> <span class='ocrx_word' id='word_1_587' title='bbox 2109 2061 2159 2103; x_wconf 82' lang='lat'>·&amp;</span> <span class='ocrx_word' id='word_1_588' title='bbox 2176 2058 2360 2106; x_wconf 62' lang='lat' dir='ltr'>motiviaa</span> 
     </span>
    </p>

    <p class='ocr_par' dir='ltr' id='par_1_15' title="bbox 1380 2115 2364 2702">
     <span class='ocr_line' id='line_1_91' title="bbox 1497 2115 2363 2177; baseline -0.005 -12"><span class='ocrx_word' id='word_1_589' title='bbox 1497 2119 1650 2165; x_wconf 84' lang='lat' dir='ltr'>Rursus</span> <span class='ocrx_word' id='word_1_590' title='bbox 1666 2131 1956 2177; x_wconf 76' lang='lat' dir='ltr'>numtempore</span> <span class='ocrx_word' id='word_1_591' title='bbox 1974 2119 2098 2163; x_wconf 80' lang='lat' dir='ltr'>habiti</span> <span class='ocrx_word' id='word_1_592' title='bbox 2111 2118 2298 2163; x_wconf 68' lang='lat' dir='ltr'>recuratis</span> <span class='ocrx_word' id='word_1_593' title='bbox 2309 2115 2363 2161; x_wconf 81' lang='lat' dir='ltr'>ad</span> 
     </span>
     <span class='ocr_line' id='line_1_92' title="bbox 1380 2177 2362 2224; baseline -0.004 -1"><span class='ocrx_word' id='word_1_594' title='bbox 1380 2179 1705 2224; x_wconf 77' lang='lat' dir='ltr'>interceilionem</span> <span class='ocrx_word' id='word_1_595' title='bbox 1719 2180 1834 2222; x_wconf 78' lang='lat' dir='ltr'>servi</span> <span class='ocrx_word' id='word_1_596' title='bbox 1850 2180 1925 2223; x_wconf 91' lang='lat' dir='ltr'>Dei</span> <span class='ocrx_word' id='word_1_597' title='bbox 1944 2180 2105 2223; x_wconf 79' lang='lat' dir='ltr'>morbus</span> <span class='ocrx_word' id='word_1_598' title='bbox 2129 2179 2167 2221; x_wconf 91' lang='lat' dir='ltr'>in</span> <span class='ocrx_word' id='word_1_599' title='bbox 2184 2177 2248 2220; x_wconf 91' lang='lat' dir='ltr'>sua</span> <span class='ocrx_word' id='word_1_600' title='bbox 2261 2190 2362 2220; x_wconf 88' lang='lat' dir='ltr'>con-</span> 
     </span>
     <span class='ocr_line' id='line_1_93' title="bbox 1381 2237 2360 2292; baseline -0.002 -10"><span class='ocrx_word' id='word_1_601' title='bbox 1381 2238 1554 2282; x_wconf 82' lang='lat' dir='ltr'>tumacia</span> <span class='ocrx_word' id='word_1_602' title='bbox 1581 2237 1623 2279; x_wconf 71' lang='grc' dir='ltr'>’ἀ</span> <span class='ocrx_word' id='word_1_603' title='bbox 1650 2237 1850 2292; x_wconf 74' lang='lat' dir='ltr'>gravitate</span> <span class='ocrx_word' id='word_1_604' title='bbox 1873 2237 2144 2289; x_wconf 81' lang='lat' dir='ltr'>perseveraret</span> <span class='ocrx_word' id='word_1_605' title='bbox 2181 2249 2195 2279; x_wconf 88' lang='lat'><em>=</em></span> <span class='ocrx_word' id='word_1_606' title='bbox 2224 2250 2274 2279; x_wconf 90' lang='lat' dir='ltr'>an</span> <span class='ocrx_word' id='word_1_607' title='bbox 2306 2247 2360 2280; x_wconf 84' lang='lat' dir='ltr'>eo</span> 
     </span>
     <span class='ocr_line' id='line_1_94' title="bbox 1385 2291 2363 2359; baseline -0.002 -19"><span class='ocrx_word' id='word_1_608' title='bbox 1385 2306 1567 2352; x_wconf 87' lang='lat' dir='ltr'>tempore</span> <span class='ocrx_word' id='word_1_609' title='bbox 1583 2295 1715 2350; x_wconf 85' lang='lat' dir='ltr'>aliqua</span> <span class='ocrx_word' id='word_1_610' title='bbox 1729 2291 1990 2337; x_wconf 77' lang='lat' dir='ltr'>intercesserit</span> <span class='ocrx_word' id='word_1_611' title='bbox 2005 2303 2153 2338; x_wconf 77' lang='lat' dir='ltr'>naturae</span> <span class='ocrx_word' id='word_1_612' title='bbox 2165 2294 2363 2359; x_wconf 42' lang='lat' dir='ltr'>critist&amp;</span> 
     </span>
     <span class='ocr_line' id='line_1_95' title="bbox 1383 2350 2363 2413; baseline -0.003 -16"><span class='ocrx_word' id='word_1_613' title='bbox 1383 2367 1466 2413; x_wconf 75' lang='lat' dir='ltr'>quae</span> <span class='ocrx_word' id='word_1_614' title='bbox 1483 2366 1497 2397; x_wconf 72' lang='lat' dir='ltr'>t</span> <span class='ocrx_word' id='word_1_615' title='bbox 1529 2352 1683 2409; x_wconf 91' lang='lat' dir='ltr'>insuper</span> <span class='ocrx_word' id='word_1_616' title='bbox 1698 2366 1779 2410; x_wconf 87' lang='lat' dir='ltr'>quo</span> <span class='ocrx_word' id='word_1_617' title='bbox 1792 2352 1959 2409; x_wconf 88' lang='lat' dir='ltr'>impulsu</span> <span class='ocrx_word' id='word_1_618' title='bbox 1971 2380 1987 2405; x_wconf 89' lang='lat'>,</span> <span class='ocrx_word' id='word_1_619' title='bbox 2010 2353 2050 2395; x_wconf 78' lang='grc' dir='ltr'>δι</span> <span class='ocrx_word' id='word_1_620' title='bbox 2065 2350 2180 2407; x_wconf 82' lang='lat' dir='ltr'>cujus</span> <span class='ocrx_word' id='word_1_621' title='bbox 2196 2352 2363 2396; x_wconf 83' lang='lat' dir='ltr'>insinua·</span> 
     </span>
     <span class='ocr_line' id='line_1_96' title="bbox 1384 2410 2364 2458; baseline -0.006 0"><span class='ocrx_word' id='word_1_622' title='bbox 1384 2416 1496 2458; x_wconf 87' lang='lat' dir='ltr'>tione</span> <span class='ocrx_word' id='word_1_623' title='bbox 1511 2413 1560 2456; x_wconf 91' lang='lat' dir='ltr'>ad</span> <span class='ocrx_word' id='word_1_624' title='bbox 1578 2411 1851 2455; x_wconf 80' lang='lat' dir='ltr'>Patrocinium</span> <span class='ocrx_word' id='word_1_625' title='bbox 1865 2410 1975 2454; x_wconf 80' lang='lat' dir='ltr'>Servi</span> <span class='ocrx_word' id='word_1_626' title='bbox 1994 2410 2070 2454; x_wconf 85' lang='lat' dir='ltr'>Dei</span> <span class='ocrx_word' id='word_1_627' title='bbox 2086 2413 2249 2455; x_wconf 81' lang='lat' dir='ltr'>sanatus</span> <span class='ocrx_word' id='word_1_628' title='bbox 2263 2423 2364 2455; x_wconf 86' lang='lat' dir='ltr'>con-</span> 
     </span>
     <span class='ocr_line' id='line_1_97' title="bbox 1383 2469 2363 2529; baseline -0.002 -14"><span class='ocrx_word' id='word_1_629' title='bbox 1383 2471 1531 2529; x_wconf 72' lang='lat' dir='ltr'>fugerit</span> <span class='ocrx_word' id='word_1_630' title='bbox 1550 2484 1564 2515; x_wconf 73' lang='lat' dir='ltr'>t</span> <span class='ocrx_word' id='word_1_631' title='bbox 1592 2469 1735 2527; x_wconf 85' lang='lat' dir='ltr'>quibus</span> <span class='ocrx_word' id='word_1_632' title='bbox 1751 2470 1879 2513; x_wconf 74' lang='lat' dir='ltr'>verbis</span> <span class='ocrx_word' id='word_1_633' title='bbox 1899 2469 2006 2513; x_wconf 78' lang='lat' dir='ltr'>illius</span> <span class='ocrx_word' id='word_1_634' title='bbox 2020 2482 2165 2526; x_wconf 86' lang='lat' dir='ltr'>opem,</span> <span class='ocrx_word' id='word_1_635' title='bbox 2187 2469 2227 2511; x_wconf 75' lang='grc' dir='ltr'>δι</span> <span class='ocrx_word' id='word_1_636' title='bbox 2248 2470 2363 2513; x_wconf 85' lang='lat' dir='ltr'>auxi-</span> 
     </span>
     <span class='ocr_line' id='line_1_98' title="bbox 1384 2526 2361 2587; baseline -0.002 -13"><span class='ocrx_word' id='word_1_637' title='bbox 1384 2531 1482 2575; x_wconf 90' lang='lat' dir='ltr'>lium</span> <span class='ocrx_word' id='word_1_638' title='bbox 1504 2527 1808 2587; x_wconf 73' lang='lat' dir='ltr'>imploraverit:</span> <span class='ocrx_word' id='word_1_639' title='bbox 1838 2542 1887 2571; x_wconf 86' lang='lat' dir='ltr'>an</span> <span class='ocrx_word' id='word_1_640' title='bbox 1913 2538 2005 2572; x_wconf 87' lang='lat' dir='ltr'>tunc</span> <span class='ocrx_word' id='word_1_641' title='bbox 2027 2526 2208 2582; x_wconf 82' lang='lat' dir='ltr'>firmam,</span> <span class='ocrx_word' id='word_1_642' title='bbox 2233 2529 2273 2571; x_wconf 72' lang='grc' dir='ltr'>δι</span> <span class='ocrx_word' id='word_1_643' title='bbox 2301 2528 2361 2572; x_wconf 84' lang='lat' dir='ltr'>vi-</span> 
     </span>
     <span class='ocr_line' id='line_1_99' title="bbox 1387 2585 2360 2643; baseline -0.003 -10"><span class='ocrx_word' id='word_1_644' title='bbox 1387 2602 1476 2635; x_wconf 85' lang='lat' dir='ltr'>vam</span> <span class='ocrx_word' id='word_1_645' title='bbox 1501 2588 1687 2632; x_wconf 84' lang='lat' dir='ltr'>fiduciam</span> <span class='ocrx_word' id='word_1_646' title='bbox 1718 2586 1984 2643; x_wconf 82' lang='lat' dir='ltr'>habueritper</span> <span class='ocrx_word' id='word_1_647' title='bbox 2008 2585 2091 2643; x_wconf 82' lang='lat' dir='ltr'>ejus</span> <span class='ocrx_word' id='word_1_648' title='bbox 2118 2587 2289 2637; x_wconf 83' lang='lat' dir='ltr'>merita,</span> <span class='ocrx_word' id='word_1_649' title='bbox 2317 2587 2360 2630; x_wconf 71' lang='grc' dir='ltr'>δι</span> 
     </span>
     <span class='ocr_line' id='line_1_100' title="bbox 1386 2643 2213 2702; baseline -0.006 -9"><span class='ocrx_word' id='word_1_650' title='bbox 1386 2645 1705 2694; x_wconf 75' lang='lat' dir='ltr'>intercessionem</span> <span class='ocrx_word' id='word_1_651' title='bbox 1719 2643 1960 2702; x_wconf 85' lang='lat' dir='ltr'>adipiscendi</span> <span class='ocrx_word' id='word_1_652' title='bbox 1981 2647 2186 2689; x_wconf 82' lang='lat' dir='ltr'>sanitatem</span> <span class='ocrx_word' id='word_1_653' title='bbox 2199 2674 2213 2688; x_wconf 91' lang='lat'><strong>.</strong></span> 
     </span>
    </p>

    <p class='ocr_par' dir='ltr' id='par_1_16' title="bbox 1389 2703 2363 2871">
     <span class='ocr_line' id='line_1_101' title="bbox 1502 2703 2354 2763; baseline -0.004 -12"><span class='ocrx_word' id='word_1_654' title='bbox 1502 2705 1665 2763; x_wconf 80' lang='lat' dir='ltr'>Insuper</span> <span class='ocrx_word' id='word_1_655' title='bbox 1677 2730 1692 2755; x_wconf 83' lang='lat'>,</span> <span class='ocrx_word' id='word_1_656' title='bbox 1706 2717 1756 2747; x_wconf 90' lang='lat' dir='ltr'>an</span> <span class='ocrx_word' id='word_1_657' title='bbox 1772 2703 1897 2748; x_wconf 75' lang='lat' dir='ltr'>statim</span> <span class='ocrx_word' id='word_1_658' title='bbox 1912 2705 1952 2747; x_wconf 71' lang='grc' dir='ltr'>δι</span> <span class='ocrx_word' id='word_1_659' title='bbox 1982 2705 2248 2748; x_wconf 79' lang='lat' dir='ltr'>incontinenti</span> <span class='ocrx_word' id='word_1_660' title='bbox 2267 2703 2354 2760; x_wconf 84' lang='lat' dir='ltr'>post</span> 
     </span>
     <span class='ocr_line' id='line_1_102' title="bbox 1389 2762 2363 2871; baseline -0.005 -61"><span class='ocrx_word' id='word_1_661' title='bbox 1389 2765 1645 2871; x_wconf 53' lang='lat' dir='ltr'>iggloratum</span> <span class='ocrx_word' id='word_1_662' title='bbox 1672 2763 1789 2834; x_wconf 47' lang='lat' dir='ltr'>§eati</span> <span class='ocrx_word' id='word_1_663' title='bbox 1814 2793 1829 2818; x_wconf 85' lang='lat'>,</span> <span class='ocrx_word' id='word_1_664' title='bbox 1857 2762 2212 2866; x_wconf 53' lang='lat' dir='ltr'>autrVenerabtht</span> <span class='ocrx_word' id='word_1_665' title='bbox 2243 2763 2363 2866; x_wconf 54' lang='lat' dir='ltr'>{et-lui</span> 
     </span>
    </p>

    <p class='ocr_par' dir='ltr' id='par_1_17' title="bbox 1384 2832 2366 3925">
     <span class='ocr_line' id='line_1_103' title="bbox 1508 2832 2362 2880; baseline -0.004 -12"><span class='ocrx_word' id='word_1_666' title='bbox 1508 2835 1749 2868; x_wconf 83' lang='lat' dir='ltr'>atroctntum</span> <span class='ocrx_word' id='word_1_667' title='bbox 1764 2849 1780 2873; x_wconf 88' lang='lat'>,</span> <span class='ocrx_word' id='word_1_668' title='bbox 1794 2837 1837 2866; x_wconf 91' lang='lat' dir='ltr'>ac</span> <span class='ocrx_word' id='word_1_669' title='bbox 1853 2837 1931 2880; x_wconf 85' lang='lat' dir='ltr'>app</span> <span class='ocrx_word' id='word_1_670' title='bbox 1949 2832 2095 2866; x_wconf 77' lang='lat' dir='ltr'>tcatam</span> <span class='ocrx_word' id='word_1_671' title='bbox 2125 2835 2210 2879; x_wconf 62' lang='lat' dir='ltr'>ejus</span> <span class='ocrx_word' id='word_1_672' title='bbox 2284 2835 2306 2863; x_wconf 89' lang='lat' dir='ltr'>e</span> <span class='ocrx_word' id='word_1_673' title='bbox 2327 2835 2362 2865; x_wconf 87' lang='lat' dir='ltr'>t·</span> 
     </span>
     <span class='ocr_line' id='line_1_104' title="bbox 1386 2838 2365 2941; baseline -0.002 -15"><span class='ocrx_word' id='word_1_674' title='bbox 1386 2838 1521 2941; x_wconf 56' lang='lat' dir='ltr'>quiat‘it</span> <span class='ocrx_word' id='word_1_675' title='bbox 1537 2891 1627 2928; x_wconf 85' lang='lat' dir='ltr'>tota</span> <span class='ocrx_word' id='word_1_676' title='bbox 1644 2882 1702 2926; x_wconf 76' lang='lat' dir='ltr'>via</span> <span class='ocrx_word' id='word_1_677' title='bbox 1714 2909 1730 2935; x_wconf 88' lang='lat'>,</span> <span class='ocrx_word' id='word_1_678' title='bbox 1742 2881 1783 2925; x_wconf 72' lang='lat' dir='ltr'>dc</span> <span class='ocrx_word' id='word_1_679' title='bbox 1796 2882 1945 2926; x_wconf 89' lang='lat' dir='ltr'>malitia</span> <span class='ocrx_word' id='word_1_680' title='bbox 1972 2881 2104 2929; x_wconf 82' lang='lat' dir='ltr'>morbi</span> <span class='ocrx_word' id='word_1_681' title='bbox 2120 2877 2365 2936; x_wconf 76' lang='lat' dir='ltr'>abscesserit,</span> 
     </span>
     <span class='ocr_line' id='line_1_105' title="bbox 1387 2939 2360 2999; baseline -0.004 -12"><span class='ocrx_word' id='word_1_682' title='bbox 1387 2942 1451 2988; x_wconf 78' lang='lat' dir='ltr'>vel</span> <span class='ocrx_word' id='word_1_683' title='bbox 1479 2943 1608 2999; x_wconf 81' lang='lat' dir='ltr'>potius</span> <span class='ocrx_word' id='word_1_684' title='bbox 1652 2939 1843 2993; x_wconf 87' lang='lat' dir='ltr'>aulatim,</span> <span class='ocrx_word' id='word_1_685' title='bbox 1873 2941 1914 2983; x_wconf 75' lang='grc' dir='ltr'>δι</span> <span class='ocrx_word' id='word_1_686' title='bbox 1943 2953 1991 2985; x_wconf 81' lang='lat' dir='ltr'>ex</span> <span class='ocrx_word' id='word_1_687' title='bbox 2016 2940 2266 2992; x_wconf 81' lang='lat' dir='ltr'>intervallo,</span> <span class='ocrx_word' id='word_1_688' title='bbox 2290 2951 2360 2983; x_wconf 83' lang='lat' dir='ltr'>ex·</span> 
     </span>
     <span class='ocr_line' id='line_1_106' title="bbox 1388 2998 2362 3060; baseline -0.007 -14"><span class='ocrx_word' id='word_1_689' title='bbox 1388 3000 1598 3060; x_wconf 88' lang='lat' dir='ltr'>primendo</span> <span class='ocrx_word' id='word_1_690' title='bbox 1642 2999 1790 3044; x_wconf 64' lang='lat' dir='ltr'>iniant</span> <span class='ocrx_word' id='word_1_691' title='bbox 1808 3029 1821 3051; x_wconf 84' lang='grc'><em>,</em></span> <span class='ocrx_word' id='word_1_692' title='bbox 1836 3010 2029 3056; x_wconf 87' lang='lat' dir='ltr'>quantum</span> <span class='ocrx_word' id='word_1_693' title='bbox 2050 2998 2240 3056; x_wconf 80' lang='lat' dir='ltr'>temporis</span> <span class='ocrx_word' id='word_1_694' title='bbox 2273 2999 2362 3053; x_wconf 79' lang='lat' dir='ltr'>spa·</span> 
     </span>
     <span class='ocr_line' id='line_1_107' title="bbox 1387 3053 2359 3105; baseline -0.006 0"><span class='ocrx_word' id='word_1_695' title='bbox 1387 3061 1487 3105; x_wconf 87' lang='lat' dir='ltr'>tium</span> <span class='ocrx_word' id='word_1_696' title='bbox 1502 3057 1761 3103; x_wconf 82' lang='lat' dir='ltr'>intercctserit</span> <span class='ocrx_word' id='word_1_697' title='bbox 1782 3058 2105 3102; x_wconf 82' lang='lat' dir='ltr'>abinvocatione</span> <span class='ocrx_word' id='word_1_698' title='bbox 2133 3056 2248 3102; x_wconf 82' lang='lat' dir='ltr'>Serri</span> <span class='ocrx_word' id='word_1_699' title='bbox 2279 3053 2359 3100; x_wconf 84' lang='lat' dir='ltr'>Dei</span> 
     </span>
     <span class='ocr_line' id='line_1_108' title="bbox 1385 3113 2362 3174; baseline -0.006 -10"><span class='ocrx_word' id='word_1_700' title='bbox 1385 3118 1437 3164; x_wconf 88' lang='lat' dir='ltr'>ad</span> <span class='ocrx_word' id='word_1_701' title='bbox 1454 3119 1638 3167; x_wconf 88' lang='lat' dir='ltr'>totalem,</span> <span class='ocrx_word' id='word_1_702' title='bbox 1650 3118 1690 3161; x_wconf 65' lang='lat' dir='ltr'>aa</span> <span class='ocrx_word' id='word_1_703' title='bbox 1706 3113 1920 3174; x_wconf 65' lang='lat' dir='ltr'>persenam</span> <span class='ocrx_word' id='word_1_704' title='bbox 1947 3114 2208 3169; x_wconf 75' lang='lat' dir='ltr'>sanationem,</span> <span class='ocrx_word' id='word_1_705' title='bbox 2222 3127 2362 3171; x_wconf 85' lang='lat' dir='ltr'>quove</span> 
     </span>
     <span class='ocr_line' id='line_1_109' title="bbox 1387 3174 2365 3234; baseline -0.005 -11"><span class='ocrx_word' id='word_1_706' title='bbox 1387 3177 1511 3222; x_wconf 88' lang='lat' dir='ltr'>modo</span> <span class='ocrx_word' id='word_1_707' title='bbox 1527 3206 1542 3230; x_wconf 87' lang='lat'><strong>‚</strong></span> <span class='ocrx_word' id='word_1_708' title='bbox 1573 3176 1795 3234; x_wconf 61' lang='lat' dir='ltr'>quibustjue</span> <span class='ocrx_word' id='word_1_709' title='bbox 1826 3175 2130 3220; x_wconf 74' lang='lat' dir='ltr'>circumstantiis</span> <span class='ocrx_word' id='word_1_710' title='bbox 2143 3174 2286 3219; x_wconf 87' lang='lat' dir='ltr'>eadem</span> <span class='ocrx_word' id='word_1_711' title='bbox 2301 3175 2365 3218; x_wconf 90' lang='lat' dir='ltr'>se-</span> 
     </span>
     <span class='ocr_line' id='line_1_110' title="bbox 1387 3231 2359 3283; baseline -0.005 -2"><span class='ocrx_word' id='word_1_712' title='bbox 1387 3247 1479 3283; x_wconf 89' lang='lat' dir='ltr'>cuta</span> <span class='ocrx_word' id='word_1_713' title='bbox 1494 3234 1555 3280; x_wconf 83' lang='lat' dir='ltr'>fit:</span> <span class='ocrx_word' id='word_1_714' title='bbox 1575 3250 1624 3279; x_wconf 89' lang='lat' dir='ltr'>an</span> <span class='ocrx_word' id='word_1_715' title='bbox 1640 3234 1808 3279; x_wconf 77' lang='lat' dir='ltr'>ulterius</span> <span class='ocrx_word' id='word_1_716' title='bbox 1831 3231 1985 3279; x_wconf 77' lang='lat' dir='ltr'>sanatus</span> <span class='ocrx_word' id='word_1_717' title='bbox 2009 3234 2134 3279; x_wconf 70' lang='lat' dir='ltr'>(latim</span> <span class='ocrx_word' id='word_1_718' title='bbox 2150 3247 2193 3277; x_wconf 91' lang='lat' dir='ltr'>ac</span> <span class='ocrx_word' id='word_1_719' title='bbox 2215 3232 2359 3277; x_wconf 87' lang='lat' dir='ltr'>eodem</span> 
     </span>
     <span class='ocr_line' id='line_1_111' title="bbox 1387 3290 2361 3351; baseline -0.005 -11"><span class='ocrx_word' id='word_1_720' title='bbox 1387 3306 1573 3351; x_wconf 87' lang='lat' dir='ltr'>tempore</span> <span class='ocrx_word' id='word_1_721' title='bbox 1591 3323 1605 3347; x_wconf 86' lang='lat'>‚</span> <span class='ocrx_word' id='word_1_722' title='bbox 1634 3307 1717 3351; x_wconf 87' lang='lat' dir='ltr'>quo</span> <span class='ocrx_word' id='word_1_723' title='bbox 1731 3293 1891 3338; x_wconf 81' lang='lat' dir='ltr'>morbus</span> <span class='ocrx_word' id='word_1_724' title='bbox 1919 3290 2128 3346; x_wconf 72' lang='lat' dir='ltr'>abscessit,</span> <span class='ocrx_word' id='word_1_725' title='bbox 2157 3291 2361 3336; x_wconf 76' lang='lat' dir='ltr'>natur-alea</span> 
     </span>
     <span class='ocr_line' id='line_1_112' title="bbox 1390 3350 2362 3406; baseline -0.004 -7"><span class='ocrx_word' id='word_1_726' title='bbox 1390 3355 1499 3399; x_wconf 77' lang='lat' dir='ltr'>simul</span> <span class='ocrx_word' id='word_1_727' title='bbox 1521 3354 1627 3397; x_wconf 79' lang='lat' dir='ltr'>rirea</span> <span class='ocrx_word' id='word_1_728' title='bbox 1645 3381 1660 3406; x_wconf 87' lang='lat'>,</span> <span class='ocrx_word' id='word_1_729' title='bbox 1673 3352 1875 3404; x_wconf 87' lang='lat' dir='ltr'>colorem,</span> <span class='ocrx_word' id='word_1_730' title='bbox 1888 3352 2135 3397; x_wconf 77' lang='lat' dir='ltr'>alacritatem</span> <span class='ocrx_word' id='word_1_731' title='bbox 2151 3378 2165 3405; x_wconf 86' lang='lat'>,</span> <span class='ocrx_word' id='word_1_732' title='bbox 2194 3353 2234 3395; x_wconf 68' lang='lat' dir='ltr'>dt</span> <span class='ocrx_word' id='word_1_733' title='bbox 2253 3350 2362 3395; x_wconf 51' lang='lat' dir='ltr'>alia„</span> 
     </span>
     <span class='ocr_line' id='line_1_113' title="bbox 1384 3410 2362 3471; baseline -0.009 -11"><span class='ocrx_word' id='word_1_734' title='bbox 1384 3426 1647 3471; x_wconf 64' lang='lat' dir='ltr'>quacumque</span> <span class='ocrx_word' id='word_1_735' title='bbox 1663 3440 1677 3465; x_wconf 87' lang='lat'>‚</span> <span class='ocrx_word' id='word_1_736' title='bbox 1709 3410 1919 3468; x_wconf 70' lang='lat' dir='ltr'>persessam</span> <span class='ocrx_word' id='word_1_737' title='bbox 1948 3410 2151 3454; x_wconf 66' lang='lat' dir='ltr'>{init-tem</span> <span class='ocrx_word' id='word_1_738' title='bbox 2185 3410 2362 3454; x_wconf 88' lang='lat' dir='ltr'>indican-</span> 
     </span>
     <span class='ocr_line' id='line_1_114' title="bbox 1386 3468 2358 3523; baseline -0.005 -6"><span class='ocrx_word' id='word_1_739' title='bbox 1386 3475 1468 3523; x_wconf 85' lang='lat' dir='ltr'>tia,</span> <span class='ocrx_word' id='word_1_740' title='bbox 1484 3486 1575 3515; x_wconf 86' lang='lat' dir='ltr'>recu</span> <span class='ocrx_word' id='word_1_741' title='bbox 1632 3471 1805 3523; x_wconf 74' lang='lat' dir='ltr'>raverit,</span> <span class='ocrx_word' id='word_1_742' title='bbox 1834 3469 2016 3514; x_wconf 78' lang='lat' dir='ltr'>&amp;adbuc</span> <span class='ocrx_word' id='word_1_743' title='bbox 2047 3469 2084 3511; x_wconf 89' lang='lat' dir='ltr'>in</span> <span class='ocrx_word' id='word_1_744' title='bbox 2102 3468 2242 3512; x_wconf 80' lang='lat' dir='ltr'>eadem</span> <span class='ocrx_word' id='word_1_745' title='bbox 2259 3468 2358 3512; x_wconf 80' lang='lat' dir='ltr'>sani-</span> 
     </span>
     <span class='ocr_line' id='line_1_115' title="bbox 1387 3525 2362 3587; baseline -0.007 -11"><span class='ocrx_word' id='word_1_746' title='bbox 1387 3541 1470 3576; x_wconf 91' lang='lat' dir='ltr'>tate</span> <span class='ocrx_word' id='word_1_747' title='bbox 1495 3545 1564 3587; x_wconf 87' lang='lat' dir='ltr'>per</span> <span class='ocrx_word' id='word_1_748' title='bbox 1584 3540 1723 3576; x_wconf 67' lang='lat' dir='ltr'>everen</span> <span class='ocrx_word' id='word_1_749' title='bbox 1740 3543 1757 3584; x_wconf 53' lang='grc' dir='ltr'><strong>ὅ</strong></span> <span class='ocrx_word' id='word_1_750' title='bbox 1772 3539 1891 3587; x_wconf 88' lang='lat' dir='ltr'>atque</span> <span class='ocrx_word' id='word_1_751' title='bbox 1905 3527 2066 3572; x_wconf 86' lang='lat' dir='ltr'>demum</span> <span class='ocrx_word' id='word_1_752' title='bbox 2079 3542 2217 3572; x_wconf 84' lang='lat' dir='ltr'>omnes</span> <span class='ocrx_word' id='word_1_753' title='bbox 2234 3529 2271 3570; x_wconf 84' lang='lat'>&amp;</span> <span class='ocrx_word' id='word_1_754' title='bbox 2291 3525 2362 3570; x_wconf 85' lang='lat' dir='ltr'>lin·</span> 
     </span>
     <span class='ocr_line' id='line_1_116' title="bbox 1386 3586 2356 3646; baseline -0.006 -13"><span class='ocrx_word' id='word_1_755' title='bbox 1386 3590 1486 3646; x_wconf 71' lang='lat' dir='ltr'>gule</span> <span class='ocrx_word' id='word_1_756' title='bbox 1500 3588 1804 3634; x_wconf 70' lang='lat' dir='ltr'>circumstanti·</span> <span class='ocrx_word' id='word_1_757' title='bbox 1818 3589 1882 3638; x_wconf 73' lang='grc' dir='ltr'>,ἁ</span> <span class='ocrx_word' id='word_1_758' title='bbox 1898 3586 2046 3629; x_wconf 80' lang='lat' dir='ltr'>motiva</span> <span class='ocrx_word' id='word_1_759' title='bbox 2073 3586 2280 3638; x_wconf 72' lang='lat' dir='ltr'>distinete,</span> <span class='ocrx_word' id='word_1_760' title='bbox 2310 3598 2356 3628; x_wconf 89' lang='lat' dir='ltr'>ac</span> 
     </span>
     <span class='ocr_line' id='line_1_117' title="bbox 1386 3646 2360 3705; baseline -0.006 -13"><span class='ocrx_word' id='word_1_761' title='bbox 1386 3648 1529 3694; x_wconf 74' lang='lat' dir='ltr'>diffuse</span> <span class='ocrx_word' id='word_1_762' title='bbox 1544 3646 1709 3705; x_wconf 73' lang='lat' dir='ltr'>exprimi</span> <span class='ocrx_word' id='word_1_763' title='bbox 1723 3647 1888 3698; x_wconf 84' lang='lat' dir='ltr'>debent,</span> <span class='ocrx_word' id='word_1_764' title='bbox 1899 3660 1947 3690; x_wconf 82' lang='lat' dir='ltr'>cx</span> <span class='ocrx_word' id='word_1_765' title='bbox 1961 3646 2100 3702; x_wconf 79' lang='lat' dir='ltr'>quibua</span> <span class='ocrx_word' id='word_1_766' title='bbox 2118 3646 2253 3689; x_wconf 74' lang='lat' dir='ltr'>Testes</span> <span class='ocrx_word' id='word_1_767' title='bbox 2268 3657 2360 3687; x_wconf 89' lang='lat' dir='ltr'>mo·</span> 
     </span>
     <span class='ocr_line' id='line_1_118' title="bbox 1387 3703 2359 3761; baseline -0.007 -10"><span class='ocrx_word' id='word_1_768' title='bbox 1387 3720 1530 3751; x_wconf 80' lang='lat' dir='ltr'>ventur</span> <span class='ocrx_word' id='word_1_769' title='bbox 1562 3706 1611 3749; x_wconf 89' lang='lat' dir='ltr'>ad</span> <span class='ocrx_word' id='word_1_770' title='bbox 1644 3704 1894 3749; x_wconf 87' lang='lat' dir='ltr'>sormandum</span> <span class='ocrx_word' id='word_1_771' title='bbox 1936 3714 2093 3747; x_wconf 89' lang='lat' dir='ltr'>certum</span> <span class='ocrx_word' id='word_1_772' title='bbox 2137 3703 2327 3761; x_wconf 84' lang='lat' dir='ltr'>judicium</span> <span class='ocrx_word' id='word_1_773' title='bbox 2345 3729 2359 3752; x_wconf 90' lang='lat'>‚</span> 
     </span>
     <span class='ocr_line' id='line_1_119' title="bbox 1388 3762 2358 3824; baseline -0.01 -12"><span class='ocrx_word' id='word_1_774' title='bbox 1388 3766 1500 3824; x_wconf 81' lang='lat' dir='ltr'>quod</span> <span class='ocrx_word' id='word_1_775' title='bbox 1517 3765 1605 3809; x_wconf 80' lang='lat' dir='ltr'>talis</span> <span class='ocrx_word' id='word_1_776' title='bbox 1621 3764 1768 3807; x_wconf 80' lang='lat' dir='ltr'>sanatio</span> <span class='ocrx_word' id='word_1_777' title='bbox 1797 3778 1877 3806; x_wconf 88' lang='lat' dir='ltr'>non</span> <span class='ocrx_word' id='word_1_778' title='bbox 1894 3762 1961 3806; x_wconf 76' lang='lat' dir='ltr'>nis·</span> <span class='ocrx_word' id='word_1_779' title='bbox 1977 3763 2158 3808; x_wconf 81' lang='lat' dir='ltr'>evidenti</span> <span class='ocrx_word' id='word_1_780' title='bbox 2191 3762 2358 3806; x_wconf 76' lang='lat' dir='ltr'>miracu-</span> 
     </span>
     <span class='ocr_line' id='line_1_120' title="bbox 1388 3817 2359 3925; baseline -0.009 -56"><span class='ocrx_word' id='word_1_781' title='bbox 1388 3825 1430 3882; x_wconf 78' lang='lat' dir='ltr'>lo</span> <span class='ocrx_word' id='word_1_782' title='bbox 1445 3822 1801 3878; x_wconf 83' lang='lat' dir='ltr'>adscribidebcat,</span> <span class='ocrx_word' id='word_1_783' title='bbox 1830 3832 1951 3882; x_wconf 66' lang='lat' dir='ltr'>atque</span> <span class='ocrx_word' id='word_1_784' title='bbox 1962 3822 2124 3869; x_wconf 86' lang='lat' dir='ltr'>demum</span> <span class='ocrx_word' id='word_1_785' title='bbox 2146 3817 2359 3925; x_wconf 51' lang='lat' dir='ltr'>iggergificari</span> 
     </span>
    </p>

    <p class='ocr_par' dir='ltr' id='par_1_18' title="bbox 2238 3888 2303 3929">
     <span class='ocr_line' id='line_1_121' title="bbox 2238 3888 2303 3929; baseline -0.031 -4"><span class='ocrx_word' id='word_1_786' title='bbox 2238 3888 2303 3929; x_wconf 53' lang='lat' dir='ltr'>eto</span> 
     </span>
    </p>
   </div>
  </div>
 </body>
</html>
