2508 4218
961 181 1435 303 estpoffolica
1460 247 1479 267 .

208 327 326 385 alteri
344 336 552 395 Religioni
567 333 774 385 conceffa,
802 341 846 376 ut
874 333 926 377 de
941 336 1187 388 Cor-pom„

207 399 358 444 christi
375 428 390 452 ,
416 406 599 452 tempore
618 391 835 436 Adventus
850 420 865 444 ,
892 394 930 435 &
945 393 1187 454 Qadragc·

206 462 304 504 fimae
316 461 487 573 Qarto
512 541 524 555 .
570 514 631 556 An
656 511 697 554 in
728 507 982 566 Regionibus
1009 510 1186 566 Imperio

204 574 385 630 subjectis
402 603 415 624 ,
432 574 470 615 in
486 570 628 629 quibus
644 585 691 613 ex
712 570 880 612 indulto
897 570 1090 610 recitatur
1111 567 1188 611 Of-

205 634 337 677 ficium
354 636 392 675 S.
411 630 553 687 Angeli
568 627 755 674 custodis
781 640 872 670 cum
889 629 1040 672 Octava
1069 640 1186 669 men-

205 691 243 734 se
257 690 504 746 Septembris
515 717 531 742 ,
544 688 691 731 debeat
704 686 757 730 de
773 687 921 729 eodem
948 685 1032 728 lieri
1047 685 1183 727 secun·

201 750 255 793 'da
268 750 334 792 die
350 748 566 794 Octobris?

320 809 511 864 Quinto.
538 807 602 847 An
626 802 764 846 festum
797 802 1042 859 semiduplex
1075 800 1179 843 inei·

203 872 303 915 dens
319 864 356 910 in
372 864 472 910 festo
487 864 641 922 duplici
656 862 758 905 infra*
772 864 968 906 octavam
1000 876 1077 904 non
1094 861 1178 916 pri·

200 928 431 985 vilegiatam
454 919 782 971 transferendum
795 923 842 963 lit
857 922 941 977 post
956 922 1148 963 Octavam
1163 948 1176 970 ,

198 988 263 1031 vel
279 989 330 1029 de
343 997 395 1029 eo
407 981 635 1025 faciendum
665 979 710 1023 fit
739 978 928 1023 Officium
950 980 1017 1022 die
1037 979 1177 1021 imme-

199 1033 514 1099 diatestquenti
533 1054 613 1083 non
642 1040 839 1095 impedito
867 1035 969 1081 festo
990 1037 1146 1094 duplici
1161 1065 1177 1088 ‚

196 1102 262 1148 vel
278 1099 550 1157 semiduplici,
581 1101 679 1142 ficut
711 1097 755 1141 fit
773 1098 826 1142 de
852 1095 1096 1152 semiduplici
1110 1109 1177 1137 oc·

199 1161 442 1208 currcnrein
460 1159 672 1203 Dominica
703 1156 809 1200 insi-a
840 1157 1034 1199 octavam
1060 1167 1175 1198 non-2

198 1219 524 1278 privilegiatam?

313 1281 436 1324 Sexto
449 1307 459 1318 .
491 1280 554 1321 An
584 1277 636 1320 de
667 1273 770 1317 festo
795 1270 996 1316 translato
1020 1272 1169 1315 facien·

196 1337 295 1381 dum
310 1338 354 1381 fit
375 1335 563 1379 Officium
575 1334 641 1378 die
656 1332 886 1375 immediate
901 1331 1078 1388 sequenti
1093 1344 1171 1374 non

197 1388 396 1451 impedito
406 1420 421 1443 ,
443 1391 592 1436 etiamfi
607 1390 707 1434 adiit
720 1390 831 1433 aliud
845 1389 1021 1446 ejusdem
1035 1389 1173 1446 digni·

195 1455 290 1497 tatis
305 1451 443 1498 festum
460 1452 567 1509 prius
581 1450 845 1494 translatum?

311 1511 520 1569 Septimo.
552 1513 616 1552 An
633 1508 832 1555 translato
846 1507 967 1557 festo,
994 1510 1032 1550 in
1061 1506 1174 1562 cujus

189 1570 257 1614 die
288 1570 527 1614 conceditur
558 1568 816 1624 Indulgentia
847 1595 862 1619 ,
900 1566 1171 1612 transferatur

190 1631 310 1674 etiam
329 1628 607 1684 Indulgentia?

307 1689 482 1731 octavo.
520 1690 583 1733 An
601 1686 640 1730 in
658 1683 895 1743 Asperlione
912 1689 1033 1748 Aqua
1048 1686 1170 1729 bene·

192 1747 429 1803 dietaque
444 1745 550 1803 apud
566 1745 799 1802 Capucinos
826 1744 870 1788 fit
900 1747 923 1790 ὲ
949 1747 1169 1788 Sacerdote

193 1807 302 1850 Alba
318 1837 332 1858 ,
347 1808 387 1849 &
404 1807 515 1848 Stola
529 1803 609 1847 sola
626 1804 768 1847 induto
784 1834 799 1859 ,
822 1805 1077 1848 celebraturo
1094 1804 1189 1860 img

191 1866 369 1910 mediate
389 1862 538 1907 Missam
551 1864 872 1907 Conventualem
885 1889 900 1912 ,
913 1863 1028 1905 Stola
1043 1861 1087 1904 fit
1104 1875 1171 1917 ap-

194 1924 317 1966 tanda
330 1932 423 1966 ante
438 1925 570 1975 pestus,
593 1914 634 1965 in
661 1921 826 1964 modum
847 1924 996 1966 Crucis
1008 1951 1025 1974 ,
1041 1921 1105 1965 vel
1118 1920 1169 1963 ad

194 1991 413 2034 utrumque
427 1979 532 2021 latus
545 1981 721 2034 pendens
737 1982 756 2022 ὁ
771 1981 910 2023 collo?

242 2081 252 2093 ,
315 2037 439 2081 Nono
452 2063 463 2076 .
490 2037 632 2080 Solent
648 2038 849 2089 capucini
879 2035 1118 2078 sacerdotes
1133 2034 1172 2074 in

194 2096 262 2141 die
304 2099 447 2139 Coenae
496 2092 655 2139 Domini
695 2091 977 2137 Sanetissimum
1008 2095 1174 2145 Corpus

194 2155 341 2199 Christi
358 2152 571 2202 sumentes,
585 2149 747 2198 deferre
761 2151 916 2193 stolam
931 2160 1024 2190 anre
1037 2151 1172 2200 peetus

193 2214 234 2256 in
255 2213 422 2256 sormam
445 2213 589 2255 Crucis
599 2205 929 2257 accomodatum
945 2207 1171 2266 Qaeritur,

191 2286 242 2315 an
258 2271 426 2313 debeant
442 2265 650 2308 observare
680 2261 1010 2304 consuetudinem
1039 2264 1178 2310 intro-‚

190 2328 346 2371 ductam
361 2353 376 2375 ,
408 2322 470 2367 vel
504 2319 662 2367 deferre
695 2320 848 2364 Stolam
880 2322 902 2364 ἰ
933 2321 1046 2365 collo
1073 2336 1170 2379 pen·

187 2381 348 2428 dentem
366 2384 381 2426 i

309 2440 376 2486 Al
400 2440 611 2498 upraedtffae
622 2451 754 2483 novem
767 2439 890 2484 dnbio
904 2443 991 2484 sac.
999 2441 1168 2497 Congre-

183 2502 298 2561 ''gaem
311 2515 356 2545 re
419 2501 507 2544 ndis
519 2531 534 2554 ,
561 2498 794 2556 urst-quitur
807 2514 822 2543 ε

307 2561 372 2606 Ad
386 2563 559 2619 primum
574 2588 587 2601 .
604 2559 807 2615 Negative
821 2589 835 2601 .

305 2618 370 2663 Ad
387 2617 606 2664 seeundum
619 2648 631 2660 .
665 2616 1013 2662 Transferendnm
1033 2616 1111 2661 effe
1125 2618 1166 2661 in

183 2677 295 2723 'diem
315 2676 416 2721 inii-a
432 2680 627 2722 Ostavem
639 2706 652 2719 .

302 2735 366 2779 Ad
383 2740 551 2782 tertium
564 2765 576 2779 .
591 2733 795 2793 Negatis&
808 2762 824 2788 ,
838 2736 875 2779 δι
889 2744 1086 2789 quatenus
1100 2750 1166 2780 ex·

299 2798 425 2841 tenfio
455 2805 632 2852 petatur,
644 2795 814 2839 omnino
834 2796 970 2852 quoad
1006 2806 1163 2852 tempus

183 2853 402 2899 'Adventfis
415 2883 430 2909 ,
450 2853 828 2914 &Quadragefimae
855 2867 935 2897 non
957 2851 1035 2897 effe
1062 2869 1162 2898 con-

185 2912 407 2957 cedendam
419 2942 432 2955 .

301 2971 366 3017 Ad
382 2981 593 3028 quartum.
621 2971 850 3027 Negative.

305 3030 369 3074 Ad
382 3030 568 3087 quintum
580 3060 593 3073 .
617 3031 860 3074 Faciendum
882 3027 960 3074 efl‘e
970 3030 1162 3076 Officium

181 3089 234 3133 de
247 3088 511 3146 semiduplici,
525 3088 591 3132 die
606 3088 838 3133 immediate
858 3091 1052 3146 sequenti,
1064 3089 1162 3134 festo

187 3147 365 3204 duplici,
381 3148 443 3190 vel
460 3147 709 3205 semiduplici
720 3161 803 3191 non
820 3149 1019 3206 impedito
1029 3179 1044 3192 .

304 3208 370 3249 Ad
388 3207 545 3249 sextum
563 3235 575 3249 .
591 3205 845 3251 Affirmative
857 3237 872 3250 .

297 3265 365 3309 Ad
382 3266 589 3321 septimum
602 3295 615 3308 .
631 3266 854 3323 Negative.

258 3335 262 3341 ·
302 3321 367 3367 Ad
387 3326 572 3366 oEtavum
587 3354 598 3366 .
625 3323 782 3367 Stolam
807 3325 892 3367 esse
909 3333 1004 3368 ante
1024 3325 1158 3378 pectus

187 3377 240 3421 ad
254 3383 416 3426 modum
434 3384 581 3426 Crucis
605 3382 819 3436 aptandam
831 3406 847 3420 .
875 3426 879 3429 ⁷

302 3440 362 3484 Ad
378 3445 553 3484 Nonum.
572 3439 692 3484 Posse
705 3451 919 3494 utrumque
934 3438 1154 3483 observari.

181 3494 241 3539 Et
256 3498 310 3542 ita
323 3499 545 3544 declaravit
558 3501 625 3543 die
641 3510 710 3554 30.
725 3498 971 3554 Septembris
992 3500 1114 3553 1679.

299 3618 362 3658 Ex
377 3618 520 3674 Regest.
531 3622 674 3662 Secret.
691 3620 728 3658 s.
744 3620 928 3670 congreg.
945 3615 993 3663 θ’
1006 3619 1157 3660 reperi·

357 3683 427 3716 tur
439 3679 631 3731 exemplar
651 3676 870 3733 imprffem
880 3678 923 3715 in
940 3674 1152 3730 Aah-gen.

357 3732 453 3775 Ord.
470 3735 583 3776 Arm.
599 3740 640 3777 s.
657 3737 738 3777 th.
761 3735 1029 3791 congregam-

301 3849 402 3890 Tom.
419 3851 468 3893 VJ
471 3855 498 3893 1.

2061 232 2096 277 2

1249 331 1397 383 A'die
1423 350 1497 391 ¹7·
1513 328 1781 381 Decembris
1811 330 1949 400 usque
1973 339 2028 385 ad
2048 232 2223 401 Νᾶζνῑ.

1317 417 1459 452 tatem
1476 437 1490 459 ,
1518 400 1631 451 ficut
1649 400 1697 452 ὅτ
1717 417 1923 466 tempore
1955 408 2192 463 Adventsss
2205 452 2223 475 ,

1316 470 1687 541 Qadragcfimae
1716 509 1732 530 ,
1770 473 1987 539 Qatuor
2023 478 2224 547 Tempo-

1314 560 1419 591 rum
1435 543 1483 594 δι
1508 544 1900 611 Vigiliarum,non
1917 540 2087 594 Officia
2109 554 2227 600 voti.

1314 631 1374 662 va
1393 613 1623 682 Religioni
1638 611 1867 670 coneeffa,
1891 610 1967 662 sed
1990 613 2048 663 de
2071 613 2221 670 feria..

1315 684 1495 733 recitari
1511 682 1676 733 debere
1691 682 1899 734 statuitur
1911 718 1926 732 .

1342 801 1657 868 o‘Rmms
1688 802 1844 855 ΜιΝ.
1880 804 2114 858 capue.

1346 922 1564 976 Xponente
1578 925 1641 967 Fr.
1659 923 1816 967 Carolo
1828 923 1850 966 i
1866 925 2129 970 Creralcono
2144 928 2223 970 Ca-

1365 982 1543 1036 pucino,
1571 982 1679 1039 quod
1693 985 1800 1039 apud
1818 984 2040 1040 Regulares
2055 1000 2127 1040 per
2145 988 2223 1029 Dc-

1236 1048 1347 1079 creta
1372 1040 1630 1084 summorum
1661 1041 1901 1084 Pontificum
1929 1043 1975 1086 lit
1991 1044 2222 1088 Officium.»

1236 1094 1336 1139 infra
1353 1099 1530 1141 mensem
1555 1100 1608 1143 de
1624 1114 1767 1144 eorum
1795 1101 2028 1146 Fundatore
2041 1132 2055 1155 ,
2080 1106 2116 1146 3(
2132 1103 2221 1146 aliis

1238 1156 1391 1199 Sanctis
1406 1186 1422 1207 ,
1442 1158 1539 1200 ficut
1563 1161 1685 1203 etiam
1708 1160 1810 1215 apud
1838 1162 2071 1216 Capucinos
2100 1161 2143 1203 fit
2162 1162 2220 1204 se-

1240 1213 1321 1256 mel
1340 1215 1377 1255 in
1392 1215 1526 1257 mense
1545 1217 1599 1258 de
1617 1221 1652 1260 S·
1672 1214 1887 1260 Francisto
1900 1242 1915 1266 ,
1934 1220 2222 1274 Conceptionc

1236 1272 1396 1316 B.M.V.
1415 1275 1685 1319 Immaculatae
1696 1303 1711 1327 ,
1723 1277 1761 1318 δι
1785 1276 1837 1319 de
1852 1274 1941 1318 aliis
1954 1277 2100 1323 ‚etiam
2116 1288 2219 1321 tem-

1235 1346 1335 1387 pore
1351 1331 1580 1387 Adventt‘is,
1595 1335 1634 1377 δι
1647 1332 1970 1393 Qadragefimae
1984 1350 2055 1391 per
2072 1337 2219 1392 specia-

1236 1390 1295 1435 les
1307 1389 1504 1435 clausulas
1518 1406 1535 1447 3
1561 1393 1623 1437 sed
1638 1407 1730 1436 cum
1756 1397 1797 1437 in
1812 1393 2025 1438 Breviario
2038 1408 2119 1438 non
2150 1409 2220 1438 ex·

1237 1459 1296 1493 tet
1325 1450 1503 1494 Rubrica
1533 1453 1746 1507 prohibens
1771 1451 1958 1495 Officium
1989 1466 2134 1496 novem
2160 1454 2214 1496 le-

1232 1510 1411 1552 Rionum
1427 1538 1440 1560 ,
1467 1511 1601 1566 (ficut
1629 1511 1800 1554 habetur
1822 1524 1897 1566 pro
1932 1512 2220 1557 bebdomada-a

1234 1567 1372 1621 majori
1391 1568 1412 1625 )
1428 1570 1447 1611 ἃ
1463 1569 1532 1612 die
1551 1582 1594 1619 17
1628 1569 1867 1612 Decembris
1887 1568 2006 1625 usque
2033 1570 2083 1612 ad
2101 1573 2220 1614 Nati-

1235 1627 1402 1670 vitatem
1435 1627 1631 1679 Domini,
1654 1627 1808 1670 scilicet
1830 1630 1995 1687 quando
2017 1639 2221 1683 ponuntur

1234 1686 1473 1742 Antiphone
1498 1687 1669 1743 proprie
1698 1688 1747 1729 ad
1773 1690 1956 1739 Laudes,
1980 1689 2018 1731 &
2037 1687 2220 1745 Magnifi-

1231 1754 1315 1792 αι,
1332 1743 1582 1800 supplicante
1596 1757 1806 1802 propterea
1829 1760 1904 1804 pro
1921 1747 2214 1801 declaratione,

1232 1816 1281 1845 an
1298 1805 1462 1847 recitari
1477 1805 1625 1849 debeat
1639 1805 1750 1849 dieto
1762 1815 1945 1862 tempore
1958 1805 2216 1858 officiorum,

1231 1874 1375 1917 nempe
1396 1862 1449 1905 de
1470 1870 1512 1908 S.
1528 1862 1763 1913 Francisco,
1789 1866 1831 1907 δι
1854 1865 1907 1907 de
1932 1865 2019 1908 aliis
2039 1867 2213 1917 San-fiis,

1233 1921 1297 1964 vel
1314 1919 1442 1976 potius
1460 1921 1648 1966 officium
1676 1922 1721 1966 fit
1751 1924 1803 1967 de
1826 1921 1926 1966 feria
1951 1924 2092 1968 adina
2106 1925 2215 1971 die)

1234 1992 1292 2026 sq.
1320 1977 1503 2031 usquead
1517 1981 1816 2026 Nativitatem?
1848 1985 1902 2024 Et
1927 1987 2019 2026 sac.
2037 1983 2214 2027 eadem..

1235 2036 1516 2090 Congregatio
1528 2062 1543 2086 ,
1564 2036 1766 2089 respondit
1779 2049 1793 2078 s
1822 2037 2011 2079 Officium
2025 2037 2069 2080 fit
2084 2040 2134 2081 de
2149 2039 2214 2082 ffe-

1237 2094 1295 2134 ris
1313 2105 1391 2132 non
1415 2091 1540 2134 solum
1554 2097 1575 2137 ὲ
1592 2093 1694 2134 ἀήθει
1710 2095 1777 2136 die
1797 2107 1860 2144 ¹7·
1890 2094 2010 2151 usque
2024 2097 2073 2138 sd
2092 2099 2215 2142 Nati-

1235 2150 1421 2197 vitatem,
1436 2149 1500 2191 led
1519 2153 1642 2192 etiarn
1666 2159 1852 2203 tempore
1868 2153 2211 2214 Amerinis-,Qa-

1232 2205 1461 2262 dragefimae
1473 2237 1490 2259 ,
1502 2211 1697 2265 Qatuor
1712 2207 1955 2265 Temporum
1983 2211 2024 2253 8ι
2042 2213 2212 2270 Vigilia-

1232 2278 1326 2308 rum
1338 2294 1356 2316 ‚
1370 2266 1411 2308 δι
1427 2266 1484 2312 ita
1497 2266 1719 2310 declaravit
1732 2295 1747 2309 .
1766 2269 1845 2312 Die
1858 2281 1925 2324 24.
1947 2271 2065 2316 Febr.
2090 2273 2212 2317 1680.

1348 2386 1405 2426 Ex
1433 2383 1569 2440 Regest-
1588 2388 1734 2430 secret.
1762 2390 1804 2429 s.
1815 2387 1997 2446 Congo-eg.
2012 2390 2143 2435 menffs
2155 2390 2210 2441 ά·

1404 2456 1500 2486 aunt
1507 2444 1717 2503 pred-jol.
1730 2461 1792 2504 ¹9·

1445 2590 2002 2660 NOTA.

1338 2739 1374 2780 Τ
1390 2737 1482 2780 ride
1507 2737 1644 2793 quoad
1667 2738 1880 2783 clausulam
1907 2740 2199 2786 restrictivam..

1226 2740 1321 2855 E
1352 2795 1464 2852 supra
1480 2793 1550 2838 fol.
1566 2809 1605 2852 9.
1623 2795 1728 2838 dicta
1742 2824 1756 2838 .

1569 2935 2197 2952 ———-—·-

1445 3034 1973 3097 nerent-:To

1354 3149 1488 3200 Sacra
1518 3150 1860 3222 Congregationis
1882 3151 2062 3202 Rittium

1217 3284 1471 3348 Hymnnm
1504 3282 1656 3332 Gloria
1681 3284 1726 3330 in
1739 3280 1905 3351 excelfis
1930 3281 1976 3329 in
2007 3265 2154 3330 Miffis
2171 3313 2186 3336 ,

1240 3379 1245 3389 .
1286 3352 1425 3401 etiam
1440 3353 1657 3420 privatis,
1678 3370 1775 3418 quae
1802 3349 2084 3400 celebrantur
2102 3349 2188 3398 de„

1286 3425 1342 3471 B.
1362 3426 1424 3472 V.
1441 3425 1591 3472 Maria
1619 3423 1664 3471 in
1682 3421 1880 3471 Sabbato
1896 3453 1914 3478 ,
1941 3419 2187 3469 dicendum

1284 3491 1367 3542 effe
1382 3491 1640 3541 decernitur
1655 3526 1669 3539 .

1303 3617 1458 3680 PRO
1470 3615 1728 3668 VINCIAE
1772 3615 2105 3681 Bmme.

1296 3739 1372 3778 Ac.
1389 3735 1477 3777 Rit.
1489 3733 1768 3790 congregatio
1789 3734 1838 3777 ad
1850 3736 2068 3781 instantiam
2083 3739 2179 3780 Fra-

1316 3796 1390 3836 tris
1417 3794 1622 3837 Simonisa
1640 3789 1765 3834 Darso
1792 3796 2014 3841 Sacerdotis
2039 3801 2176 3852 Capu-

1663 3850 1700 3890 D
1731 3862 1751 3890 2
2043 3856 2120 3900 cini
