2496 4172
331 114 499 222 362.

265 254 500 299 elinandum
513 261 703 313 putaret,
713 256 928 301 constituta
942 257 1009 299 die
1021 286 1036 309 ,
1065 273 1153 314 quae
1166 258 1243 302 fuit

265 327 322 357 vi
334 329 368 357 ι.
384 315 559 359 Kalend.
574 317 703 374 majas
717 332 824 360 anno
838 317 975 361 salutis
992 332 1165 361 nocui
1181 332 1214 360 1.
1227 346 1242 367 ,

265 387 410 417 eorum
426 374 560 418 salutis
574 379 762 432 cupidior
780 404 794 425 ,
820 383 939 432 quam
958 379 1051 418 vitae
1063 376 1137 419 suae
1149 405 1164 426 ‚
1192 378 1243 418 ad

267 431 481 489 prefatum
492 434 719 479 Seviensem
736 439 889 491 Pagum
903 436 1136 491 tempestive
1150 450 1243 490 per-

264 493 377 534 rexit
391 505 407 535 ε
426 496 614 548 Cumque
630 496 670 537 in
689 497 829 549 primis
845 495 1129 549 omnipotenti
1156 498 1244 537 Deo

264 550 567 595 immaculatam
595 554 775 597 Hostiam
799 548 1005 595 obtuliffet
1031 582 1047 604 ,
1086 551 1243 610 sequeae

263 609 525 653 Eucharistici
539 613 661 654 Panis
674 612 870 655 alimento
892 610 1140 659 roboraffet,
1169 612 1243 653 Di-

265 670 355 712 viui
369 669 523 712 ardoris
537 670 723 712 incendia
738 669 888 724 spirans
903 695 917 716 ‚
932 671 1079 724 suaque
1096 669 1243 711 volun-

263 738 351 771 tate
360 730 441 782 jam
452 727 613 782 Mai-tyr
626 756 644 780 ‚
665 726 889 782 suggestum
907 725 1142 769 conscendit
1154 740 1168 769 ε
1196 729 1243 768 ln

263 802 348 843 quo
359 797 483 841 quum
494 784 673 827 instantis
702 788 848 826 mortis
871 782 1101 838 praesagium
1130 784 1244 826 inve-

262 842 401 893 nisset,
416 844 456 882 in
470 845 552 883 bac
570 843 692 884 verba
706 841 976 896 conscriptum
991 856 1048 882 =
1076 842 1246 886 Hodie-s

256 897 494 957 predicabis
507 928 523 948 ,
537 900 593 948 ά·
603 912 678 940 non
687 899 853 952 anplius
867 913 954 951 :3
977 913 1058 940 non
1073 899 1167 940 ideo
1184 909 1243 939 ta·

263 972 356 1001 men
371 955 588 998 formidine
605 954 753 999 fractus
765 984 779 1006 ‚
793 969 864 997 nee
879 956 932 998 de
946 966 1149 1008 concepto
1163 955 1241 998 zeli

261 1018 425 1058 fervore
438 1013 659 1070 quidquam
674 1015 908 1064 remittens,
920 1013 1037 1067 caepit
1054 1013 1241 1070 frequen-

261 1073 405 1117 tiffimo
420 1073 718 1130 populolibera
737 1086 837 1115 voce
850 1100 865 1123 ‚
891 1082 938 1114 ut
961 1070 1114 1114 solebat
1127 1099 1143 1121 ‚
1170 1085 1241 1114 ve·

259 1134 427 1176 ritatem
450 1133 694 1176 annunciare
719 1160 733 1183 ‚
760 1132 1001 1187 hortarique
1027 1142 1240 1184 errantes,

258 1203 305 1234 ut
329 1190 510 1234 redirent
530 1192 578 1233 ad
597 1190 819 1234 Ecclesiam
838 1191 1111 1242 ‚intemeratae
1127 1191 1238 1234 Fidei

259 1251 465 1293 alumnam
481 1277 497 1299 ‚
509 1250 709 1292 nutricem
720 1250 843 1294 beatae
855 1251 935 1307 spei
949 1276 960 1287 ·
986 1253 1092 1293 Cum
1109 1249 1239 1292 subito

257 1309 422 1352 armatis
437 1308 663 1352 hominibus
676 1309 892 1363 Templum
908 1307 1156 1364 completur,
1169 1310 1239 1365 qui

257 1370 409 1425 impetu
423 1366 560 1421 sacto,
588 1367 810 1424 insanisque
826 1368 1069 1411 clamoribus
1095 1367 1237 1420 elatis,

255 1426 497 1469 concionem
513 1427 750 1483 perturbant
763 1458 780 1479 ,
803 1441 984 1484 eumque
1009 1441 1146 1471 onines
1164 1429 1236 1472 in...

255 1500 379 1528 unum
399 1486 647 1530 FIDELEM
661 1501 770 1530 arma
783 1513 798 1535 ‚
809 1485 925 1530 fustes
936 1514 953 1537 ,
980 1485 1062 1529 tela
1085 1486 1236 1543 dirige·

256 1555 375 1593 rent,
394 1545 556 1599 quidam
574 1558 623 1587 ex
639 1546 728 1602 ipsis
753 1546 886 1601 ignito
901 1545 1074 1602 globulo
1092 1547 1236 1602 explo-

254 1602 326 1655 so,
356 1605 479 1647 irrito
504 1607 685 1659 quamvis
709 1605 815 1655 ictu,
843 1603 1016 1647 eundem
1045 1604 1235 1659 trajicere

255 1672 429 1704 conatur
440 1692 452 1704 .
482 1661 587 1706 Tum
601 1665 762 1707 demum
776 1664 828 1707 1³1
837 1665 1001 1707 oeus
1012 1674 1235 1706 extremam

252 1720 323 1764 fibi
350 1721 437 1763 vitae
468 1724 609 1765 boram
633 1720 865 1766 adveutaiss'e
892 1722 1138 1777 conspiciens
1164 1750 1179 1773 ‚
1209 1722 1234 1764 ὲ

251 1780 450 1823 cathedra
464 1781 671 1824 descendit
689 1810 704 1833 ,
730 1782 770 1823 δι
782 1792 877 1823 ante
891 1779 1091 1833 Maiorem
1107 1784 1234 1822 Aram

256 1840 297 1880 in
312 1851 441 1893 genua
456 1840 701 1895 provolutus
713 1865 727 1887 ‚
740 1853 864 1895 quum
880 1838 918 1881 se
939 1838 1081 1889 vitam,
1097 1838 1137 1880 8ι
1150 1837 1231 1880 san·

251 1898 415 1955 guinem
454 1901 564 1939 suum
589 1898 628 1938 in
656 1897 934 1940 holocaustum
968 1897 1056 1939 Deo
1087 1895 1231 1938 lubens

252 1955 491 2004 obtulisset,
518 1955 713 2012 suumque
727 1969 899 2011 agonem
913 1983 929 2007 ‚
960 1953 1145 1998 Ecclcfioe
1157 1968 1228 2011 pa·

247 2027 338 2058 cem
357 2042 371 2064 ,
388 2012 487 2068 ipsos
501 2014 666 2057 demum
686 2014 963 2070 persecutores
993 2012 1077 2055 suos
1090 2038 1105 2062 ‚
1137 2026 1227 2057 cru-

246 2073 357 2115 delia
370 2073 494 2115 corda
508 2102 522 2125 ,
533 2083 723 2117 cruentos
734 2073 903 2121 animos,
921 2074 1100 2116 Domino
1114 2085 1225 2116 com·

247 2129 462 2175 mendfiffet
476 2132 620 2181 ‚scuto
636 2134 749 2176 Pidei
764 2160 777 2181 ‚
789 2133 968 2176 &lorica
990 2131 1015 2174 s
1008 2135 1068 2188 pei
1097 2146 1226 2175 arma-

246 2201 314 2234 tus
330 2218 345 2241 ,
360 2204 429 2243 per
441 2191 586 2235 ostium
601 2192 767 2236 clarere
785 2190 972 2236 Ecclesia
983 2201 1117 2246 patens
1132 2219 1148 2241 ,
1172 2190 1223 2233 ad

245 2262 328 2292 non
342 2249 508 2292 dubiam
525 2261 700 2294 mortem
716 2250 942 2307 impavidus
961 2250 1221 2305 properavit.

244 2309 343 2364 Qia
357 2308 396 2348 in
413 2320 457 2349 re
470 2322 549 2351 non
564 2310 697 2353 minor
710 2309 894 2367 apparuit
926 2307 1037 2352 illius
1059 2320 1223 2363 magna-

242 2368 402 2410 nimitas
426 2368 468 2410 dt
493 2368 694 2412 fortitudo
714 2394 731 2420 ‚
763 2368 883 2423 quam
908 2365 933 2409 fi
961 2364 1225 2411 atrocillimos

244 2437 452 2468 cruciatus
464 2454 481 2479 ,
506 2437 630 2483 atque
643 2427 859 2471 diuturnos
874 2424 1042 2469 dolores
1057 2426 1223 2480 corpori

239 2482 315 2527 sno
329 2485 481 2528 inultos
505 2482 670 2530 sortiter
694 2480 1218 2543 patienterque'tolerdllet.

241 2544 348 2644 Ξῖυἰε
363 2547 469 2586 enim
487 2553 605 2599 putet
615 2546 816 2588 minorem
847 2545 928 2586 *ἴω
962 2543 1225 2587 adhibitam„

296 2616 318 2642 c
334 2602 485 2642 homini
503 2629 516 2652 ,
540 2601 657 2658 cujus
679 2604 817 2645 animo
844 2600 1048 2658 presentis
1077 2602 1223 2644 mortis

240 2657 417 2714 aspectus
431 2685 447 2709 ,
463 2660 717 2717 perspicuum
733 2660 852 2704 cadis
869 2660 1092 2716 periculum
1107 2686 1122 2710 s
1138 2673 1222 2703 non

243 2719 326 2761 line
340 2719 519 2761 tumultu
533 2718 821 2776 horrendisque
847 2720 966 2763 minis
982 2746 997 2770 ,
1023 2717 1226 2774 obiectum

241 2778 299 2822 ed
313 2805 327 2828 ,
355 2780 475 2832 quim
501 2778 527 2819 fi
557 2777 673 2834 iplius
696 2792 844 2833 corpus
872 2776 1064 2822 afflictum
1092 2776 1224 2821 suisset

239 2838 455 2879 tormentis
472 2846 594 2894 atquc
612 2836 872 2890 vulneribus,
904 2850 992 2895 que
1014 2834 1142 2881 fortes
1160 2835 1206 2879 se

238 2911 289 2952 pc
316 2895 390 2938 viri
418 2897 595 2940 naturali
618 2896 789 2953 quadam
817 2897 969 2940 virtute
995 2897 1222 2940 constanter

237 2950 369 2998 tulisse
383 2956 692 2997 memorantur?
729 2957 1003 3000 Veruntamen
1020 2955 1121 2999 banc
1135 2951 1220 2998 sor-

243 3012 457 3054 titudinem
474 3012 600 3055 Militi
618 3011 687 3056 suo
700 3013 867 3057 donavit
882 3015 940 3065 ir,
961 3015 1032 3072 qui
1059 3026 1135 3072 pro
1148 3014 1223 3059 illo

239 3072 354 3128 prior
372 3071 413 3111 in
427 3073 566 3114 Cruce
582 3073 823 3126 Sanguinem
841 3070 946 3117 sudit
962 3103 974 3116 .

352 3128 430 3172 Vis
444 3129 580 3186 itaque
600 3132 821 3176 pineus
837 3132 860 3175 ἑ
881 3132 1042 3187 Templi
1066 3131 1218 3177 foribus

237 3187 403 3230 umdico
417 3186 544 3245 spatio
556 3187 795 3245 procell'crat
808 3216 823 3240 ‚
843 3204 967 3247 quum
1000 3192 1218 3250 impiorum

235 3261 376 3290 manu·
401 3260 497 3290 eum
524 3247 696 3303 gladiis,
724 3250 868 3302 hallia,
893 3248 1131 3307 ferratisque
1154 3250 1215 3296 su·

235 3307 356 3348 ilibus
381 3319 473 3349 eum
505 3306 797 3353 circumliliunt
817 3333 832 3357 ‚
861 3322 940 3363 ae,
965 3307 1219 3355 furentium„

235 3365 463 3407 belluarum
483 3378 599 3410 more
610 3368 650 3409 in
668 3367 792 3423 ipsum
809 3366 1007 3411 irruentes
1022 3395 1037 3419 ‚
1071 3367 1217 3412 vulue-

235 3425 339 3465 ribus
353 3422 466 3480 supra
483 3426 624 3480 viginti
636 3422 880 3470 confodiunt
894 3454 908 3479 ,
938 3438 1059 3483 atque
1074 3428 1215 3471 imma-

234 3483 383 3525 nillime
403 3485 664 3529 contundunt
684 3515 695 3527 .
728 3484 805 3529 llle
819 3494 955 3530 autem
970 3484 1108 3530 sereno
1127 3485 1212 3529 vul-

235 3553 277 3581 tu
297 3542 524 3585 horrendos
549 3545 647 3587 istus
671 3544 832 3600 excepit
850 3572 865 3596 ‚
891 3543 1170 3601 sublatisque:
1196 3573 1212 3598 2

233 3611 424 3650 quantum
438 3612 627 3656 poterat,
655 3605 694 3647 in
709 3603 877 3647 Coelum
902 3603 1031 3647 oeulis
1046 3630 1061 3653 ‚
1093 3604 1208 3648 loetut

991 110 1508 200 Monumenta

1303 271 1440 300 manus
1470 253 1580 303 Dei,
1605 251 1672 294 cui
1699 252 1831 294 omnia
1862 253 2036 304 vivunt,
2065 250 2297 311 spiritum-‘J

1303 315 1535 358 exhalavit.

1420 374 1574 414 Invicta
1593 368 1815 412 FIDELIS
1839 368 1876 410 in
1891 367 2128 423 perferenda
2161 378 2296 413 morte

1305 432 1519 476 constantia
1530 457 1545 479 ,
1562 427 1864 483 Christianaque
1879 428 1999 469 animi
2018 431 2149 484 magni
2160 430 2262 471 tudo
2276 455 2292 479 ,

1305 491 1420 548 cujus
1437 504 1516 532 non
1531 487 1695 545 suspekli
1713 487 1831 529 testes
1864 485 1953 528 faeti
1971 487 2056 528 sunt
2091 487 2163 542 ipfi
2183 490 2296 531 Sica-

1306 550 1380 599 rii,
1395 549 1619 592 Haereticos
1633 560 1796 603 quoque
1823 546 1862 587 in
1877 545 2190 587 admirationem
2205 557 2292 587 tra-

1306 612 1364 651 xit
1379 638 1393 661 ,
1422 611 1462 651 &
1478 606 1642 662 alicujus
1658 619 1708 647 ex
1725 604 1813 661 ipfis
1833 615 2007 648 mentem
2031 607 2085 645 ita
2115 603 2292 645 illustra-

1305 670 1365 710 vit
1377 695 1391 716 2
1405 679 1449 710 ut
1465 667 1584 722 paulo
1599 664 1685 721 post
1699 680 1749 707 ex
1768 664 1954 720 magistro
1967 663 2121 705 erroris
2139 691 2152 714 ,
2165 659 2287 704 disci·

1305 725 1423 781 pulus
1439 723 1554 768 fieret
1570 724 1780 767 veritatis.
1813 722 2027 765 Catholici
2045 721 2170 772 vero,
2200 719 2290 775 qui-

1306 784 1380 826 bus
1397 784 1557 826 &illius
1584 785 1676 826 vitae
1693 783 1901 833 ffinfitu'tas,
1926 783 1963 823 &
1989 779 2286 837 praedicationis

1307 842 1458 883 veritas
1474 869 1490 892 ,
1514 843 1552 882 δε
1577 842 1756 895 pretiosae
1772 843 1914 884 mortis
1941 841 2058 883 causa
2075 838 2285 895 perspeetae

1306 909 1437 946 erant,
1454 899 1615 940 minime.
1628 899 1867 942 dubitarunt
1885 900 2134 944 FIDELEM
2160 897 2290 955 ipsum

1299 957 1497 1011 Martyris
1527 955 1622 998 loco
1638 959 1815 1007 babere,
1839 958 2002 1014 ejusque
2027 972 2146 1014 opem
2175 954 2283 1012 apud

1301 1014 1434 1057 Deum
1449 1016 1487 1056 in
1502 1015 1688 1070 angustiis
1715 1017 1756 1056 δι
1770 1015 2069 1061 neceffitatibus
2084 1017 2283 1069 implora-

1303 1088 1348 1116 re
1363 1101 1375 1114 .
1409 1076 1427 1115 1
1434 1083 1553 1129 taque
1568 1072 1738 1126 septimo
1755 1073 1839 1127 post
1870 1076 2000 1119 mense
2022 1074 2194 1118 concisas
2210 1073 2288 1117 FI-

1302 1133 1467 1176 DELIS
1482 1132 1646 1176 exuvias
1658 1145 1706 1174 ex
1719 1144 1770 1172 eo
1785 1131 1879 1173 loco
1890 1159 1906 1181 ,
1929 1134 1996 1174 ubi
2012 1134 2184 1187 primum
2204 1134 2281 1177 hu-

1301 1202 1415 1235 matae
1441 1191 1598 1234 fuerant
1623 1216 1638 1238 ‚
1678 1189 1729 1234 ad
1762 1188 1983 1232 Ecclesiam
2011 1189 2279 1243 Curiensem,

1303 1249 1875 1308 triumphalivelutipompa,
1903 1249 2122 1292 Austriacis
2155 1250 2285 1293 eomi-

1302 1311 1482 1355 tantibus
1497 1310 1627 1364 copiis
1643 1338 1656 1361 ‚
1673 1320 1793 1365 atque
1808 1307 1998 1352 universo
2014 1307 2188 1353 Clero&
2203 1311 2286 1353 Po·

1301 1369 1402 1427 pulo
1417 1371 1578 1413 obviam
1596 1369 1905 1424 prodeuntibus,
1920 1368 2157 1413 detulerunt
2172 1395 2186 1410 0
2204 1371 2290 1411 Ne·

1298 1443 1379 1487 que
1395 1430 1492 1472 vero
1505 1427 1656 1471 distulit
1672 1426 1892 1471 Altiffimus
1906 1457 1922 1479 ,
1949 1427 2069 1470 editis
2087 1426 2204 1484 lignis
2219 1435 2283 1470 at·

1298 1503 1376 1546 que
1392 1488 1585 1545 prodigiis
1602 1516 1616 1540 ,
1633 1486 1845 1531 ostendere
1861 1517 1876 1539 ,
1898 1486 2019 1544 quam
2033 1497 2196 1542 accepta
2213 1485 2285 1528 fibi

1296 1549 1417 1592 ellent
1434 1548 1603 1605 praestita
1619 1547 1792 1603 Mai-tyri
1809 1546 1876 1590 suo
1891 1545 2081 1603 obsequia
2093 1574 2109 1596 ,
2131 1547 2172 1588 dr.
2184 1554 2279 1588 vota

1296 1605 1476 1651 fidelium
1504 1606 1618 1663 iplius
1648 1606 1934 1649 interventioni
1966 1605 2248 1648 commendata
2262 1612 2279 1646 .“

1298 1667 1461 1710 Etenim
1489 1665 1557 1708 ille
1582 1664 1687 1708 idem
1714 1664 1955 1707 Archiducis
1972 1665 2136 1707 Austriae
2150 1666 2277 1707 Exer-

1293 1725 1400 1768 citus
1416 1725 1523 1768 haud
1538 1723 1742 1767 ita‘multo
1755 1723 1840 1779 post
1857 1732 1997 1767 contra
2029 1723 2279 1767 rebellantes

1295 1782 1409 1827 illius
1426 1783 1618 1838 Regionis
1632 1780 1855 1826 Hareticos
1877 1789 1987 1825 arma
2005 1780 2135 1826 ferens
2149 1809 2162 1830 ‚
2195 1793 2279 1824 non

1293 1840 1464 1885 occulto
1492 1840 1703 1884 dumtaxat
1724 1841 1944 1884 FIDELIS
1974 1840 2198 1895 presidio,
2214 1837 2282 1883 sed

1291 1899 1333 1939 δι
1350 1897 1467 1952 ipfius
1497 1897 1639 1941 vilibili
1666 1900 1818 1947 ἀιιᾶιι,
1834 1911 1955 1954 quem
1977 1899 2018 1939 δι
2042 1898 2280 1952 complures

1292 1956 1473 2005 Milites,
1499 1956 1716 2012 &ipsemet
1733 1957 2027 1999 Haereticorum
2048 1959 2167 2005 Dux,
2193 1956 2283 2000 cla·

1291 2014 1436 2060 riffima
1450 2014 1490 2058 in
1506 2013 1625 2068 lucc,
1655 2015 1870 2071 strietoque
1896 2014 2038 2071 gladio⁴
2058 2014 2126 2058 fibi
2160 2015 2281 2058 mini·

1289 2085 1446 2119 tantem
1459 2073 1756 2131 conspexerunt
1770 2103 1786 2126 ,
1813 2074 2004 2132 infignem
2026 2073 2078 2117 de
2090 2073 2282 2131 perduel-

1287 2135 1391 2178 libus
1414 2135 1624 2179 victoriam
1655 2136 1882 2191 reportavit
1902 2163 1915 2177 .
1948 2136 2134 2190 Cumque
2156 2132 2280 2177 innu-

1287 2196 1387 2237 meri
1403 2194 1589 2250 quotidie
1610 2194 1766 2237 Fideles
1781 2221 1795 2244 ,
1810 2195 1877 2249 qui
1896 2193 1934 2238 se
1953 2193 2161 2248 Martyris·
2180 2205 2279 2250 pree

1285 2254 1399 2297 cibus
1410 2252 1744 2296 commendabant
1761 2281 1778 2304 ,
1808 2252 1847 2295 in
1870 2248 1990 2296 reb¹us
2005 2251 2129 2295 etiam
2150 2262 2280 2299 ,natue

1288 2326 1338 2355 τε
1357 2312 1462 2355 vires
1480 2311 1899 2368 pretergredientibus
1920 2338 1935 2363 ,
1950 2320 2141 2354 votorum
2159 2313 2279 2352 com-i

1287 2381 1399 2426 potes
1417 2367 1503 2413 fieri
1520 2368 1558 2412 se
1575 2367 1883 2412 testificarentur
1897 2393 1913 2418 ,
1940 2362 2189 2422 eaquefama
2202 2378 2274 2422 per

1286 2427 1513 2474 universam
1542 2426 1760 2471 Eccleliam
1788 2427 1825 2468 in
1853 2424 1938 2467 dies
1958 2426 2081 2481 magis
2106 2436 2275 2480 augere·

1285 2497 1356 2531 tur
1374 2515 1389 2538 ‚
1401 2486 1529 2531 visum
1543 2485 1597 2530 est
1615 2484 1851 2542 Apostolncoe
1865 2483 1959 2528 Sedi
1976 2511 1990 2536 ,
2006 2483 2179 2527 inflante
2196 2497 2271 2539 po·

1285 2546 1470 2588 tiffimum
1489 2544 1719 2588 Venerabili
1736 2546 1864 2586 (loetu
1879 2548 1920 2587 S·
1936 2543 1990 2584 R.
2004 2542 2051 2584 Ε.
2068 2542 2272 2587 cardina·

1284 2605 1384 2648 lium
1401 2602 1579 2660 negociis
1607 2601 1875 2657 Propagandoe
1904 2598 2017 2644 Fidei
2039 2600 2271 2656 proepolito-

1286 2676 1376 2706 rum
1394 2661 1443 2719 ,(
1461 2662 1529 2719 qui
1543 2688 1557 2711 ‚
1586 2660 1668 2718 post
1686 2674 1773 2703 eam
1787 2658 2160 2716 congregationem
2172 2672 2272 2702 con·

1289 2722 1469 2765 slitutam
1486 2749 1501 2773 ‚
1517 2721 1689 2777 primum
1707 2720 1811 2762 hunc
1841 2732 1889 2762 ex
1907 2716 2159 2762 Mitlionariis
2185 2717 2208 2759 a
2234 2715 2272 2760 se

1284 2778 1485 2837 ablegatis
1495 2792 1574 2835 pro
1589 2778 1756 2822 Christo
1773 2789 1949 2820 mortem
1958 2775 2163 2834 oppetiill'e
2177 2773 2270 2833 glo·

1285 2839 1533 2898 riabantur)
1561 2863 1575 2887 2
1609 2837 1808 2892 legitimas
1839 2837 2118 2893 lnquilitiones
2145 2846 2268 2893 atque

1286 2895 1495 2942 Proccllus
1510 2898 1747 2940 auctoritate
1763 2894 1997 2952 Apostolica
2013 2891 2184 2947 σωθεὶς
2197 2903 2241 2937 ut
2252 2921 2269 2946 ‚

1285 2956 1311 3000 fi
1331 2957 1382 2999 de
1398 2957 1619 3001 monus
1649 2957 1848 3012 martyrio
1877 2967 1952 3011 pro
1965 2954 2188 2998 catholice
2204 2954 2269 2997 1²1-

1282 3016 1347 3059 dei
1364 3014 1480 3060 causa
1497 3010 1679 3072 perpeffo
1692 3043 1708 3067 ,
1721 3015 1786 3067 et,
1814 3012 1926 3070 juxta
1942 3011 2169 3057 tutissimam
2187 3013 2269 3056 Ee·

1280 3074 1408 3120 elefiu
1433 3076 1625 3119 Romane
1651 3071 1902 3130 disciplinam
1920 3100 1934 3125 ,
1973 3072 2026 3117 de
2057 3069 2259 3114 miraculis

1281 3142 1472 3190 preterea
1507 3132 1623 3189 ipsius
1652 3129 1933 3176 intercellione
1969 3133 1991 3176 i
2015 3131 2101 3174 Deo
2126 3139 2260 3185 patra·

1278 3195 1331 3236 tir
1350 3220 1364 3247 ,
1391 3189 1468 3235 rite
1498 3188 1757 3244 connitiffet,
1786 3189 1945 3234 debitus
1975 3189 2045 3246 ipsi
2074 3188 2207 3233 cultus
2223 3187 2263 3232 in

1279 3252 1396 3295 terris
1414 3276 1430 3301 ‚
1457 3263 1551 3294 cum
1571 3250 1721 3294 Sanctis
1740 3250 1991 3307 Martyribus
2004 3276 2018 3300 .
2049 3258 2263 3305 quoruma

1279 3308 1529 3355 consortium
1546 3309 1585 3353 in
1602 3310 1735 3355 Coelis
1753 3307 1987 3354 obtinuerat
2001 3335 2017 3360 ,
2047 3306 2099 3351 ab
2114 3301 2261 3351 Eccle-

1279 3368 1331 3413 lia
1345 3367 1526 3413 exhiberi
1547 3365 1669 3425 poll'et
1681 3398 1694 3413 .

1394 3431 1533 3483 Coepta
1564 3424 1649 3470 sunt
1674 3426 1798 3484 igitur
1813 3426 1934 3485 usque
1956 3425 1977 3470 δ
2006 3419 2253 3480 temporibus

1275 3486 1343 3529 sel.
1363 3486 1523 3531 record.
1544 3483 1845 3531 Prudeeefforit
1861 3481 1997 3529 Nostri
2011 3481 2160 3529 Urbani
2176 3480 2251 3523 Pa-

1273 3559 1329 3612 poe
1346 3546 1464 3588 Vlll.
1480 3572 1495 3596 ‚
1525 3557 1656 3603 eoque
1669 3554 1868 3590 annuente
1889 3542 1931 3587 δι
1955 3540 2147 3595 iubente,
2176 3540 2249 3583 hu·

1269 3600 1439 3660 jusanodi
1469 3604 1771 3660 lnquilitionum
1795 3603 1905 3655 aeta,
1931 3612 2015 3659 qun
2043 3613 2114 3655 per
2141 3600 2247 3640 inte.

234 3658 271 3695 ἀ
288 3657 427 3703 hulam
440 3684 453 3705 ,
470 3662 576 3714 quod
592 3663 658 3705 libi
675 3664 815 3707 datum
841 3661 940 3705 ell'et
964 3676 1039 3719 pro
1067 3662 1208 3706 Eccle-
1268 3677 1384 3719 grum
1399 3662 1483 3707 scre
1501 3660 1683 3707 soeeulum
1695 3660 1930 3705 continuata
1946 3688 1958 3711 .
1976 3657 2137 3701 tandem
2153 3686 2168 3709 ,
2189 3658 2250 3702 in·

237 3714 292 3754 sm
310 3716 404 3758 Fide
417 3718 630 3774 gloriosam
654 3732 832 3766 mortem
854 3725 1133 3776 occumbere,
1164 3722 1206 3766 in
1266 3724 1464 3768 stantibus
1477 3718 1577 3766 clar.
1593 3732 1759 3765 memor·
1774 3717 1930 3765 Carolo
1947 3719 2021 3763 vt.
2043 3713 2251 3772 Hispania·

2102 3786 2193 3820 tul!
