<?xml version="1.0" encoding="UTF-8"?>
<!DOCTYPE html PUBLIC "-//W3C//DTD XHTML 1.0 Transitional//EN"
    "http://www.w3.org/TR/xhtml1/DTD/xhtml1-transitional.dtd">
<html xmlns="http://www.w3.org/1999/xhtml" xml:lang="en" lang="en">
 <head>
  <title>
</title>
<meta http-equiv="Content-Type" content="text/html;charset=utf-8" />
  <meta name='ocr-system' content='tesseract 3.04.00' />
  <meta name='ocr-capabilities' content='ocr_page ocr_carea ocr_par ocr_line ocrx_word'/>
</head>
<body>
  <div class='ocr_page' id='page_1' title='image "./bullariumordinis07cath_0267.png"; bbox 0 0 2496 4172; ppageno 0'>
   <div class='ocr_carea' id='block_1_1' title="bbox 1001 156 1488 275">
    <p class='ocr_par' dir='ltr' id='par_1_1' title="bbox 1001 156 1488 275">
     <span class='ocr_line' id='line_1_1' title="bbox 1001 156 1488 275; baseline -0.018 -29"><span class='ocrx_word' id='word_1_1' title='bbox 1001 156 1448 275; x_wconf 64' lang='lat' dir='ltr'>udpffolica</span> <span class='ocrx_word' id='word_1_2' title='bbox 1472 162 1488 237; x_wconf 66' lang='grc' dir='ltr'>ζ</span> 
     </span>
    </p>
   </div>
   <div class='ocr_carea' id='block_1_2' title="bbox 256 301 1232 800">
    <p class='ocr_par' dir='ltr' id='par_1_2' title="bbox 256 301 1232 800">
     <span class='ocr_line' id='line_1_2' title="bbox 256 301 1229 377; baseline -0.004 -20"><span class='ocrx_word' id='word_1_3' title='bbox 256 307 373 377; x_wconf 84' lang='lat' dir='ltr'>Regi</span> <span class='ocrx_word' id='word_1_4' title='bbox 391 304 627 356; x_wconf 83' lang='lat' dir='ltr'>Persarum</span> <span class='ocrx_word' id='word_1_5' title='bbox 645 305 877 359; x_wconf 87' lang='lat' dir='ltr'>Kulikam</span> <span class='ocrx_word' id='word_1_6' title='bbox 890 303 948 354; x_wconf 88' lang='lat' dir='ltr'>de</span> <span class='ocrx_word' id='word_1_7' title='bbox 963 301 1229 354; x_wconf 66' lang='lat' dir='ltr'>frastaTur-</span> 
     </span>
     <span class='ocr_line' id='line_1_3' title="bbox 318 373 1228 444; baseline -0.002 -18"><span class='ocrx_word' id='word_1_8' title='bbox 318 393 477 426; x_wconf 88' lang='lat' dir='ltr'>carum</span> <span class='ocrx_word' id='word_1_9' title='bbox 494 373 661 426; x_wconf 86' lang='lat' dir='ltr'>ferocia</span> <span class='ocrx_word' id='word_1_10' title='bbox 677 374 912 444; x_wconf 82' lang='lat' dir='ltr'>applaudit</span> <span class='ocrx_word' id='word_1_11' title='bbox 927 410 944 434; x_wconf 88' lang='lat'><strong>,</strong></span> <span class='ocrx_word' id='word_1_12' title='bbox 968 374 1017 426; x_wconf 73' lang='grc' dir='ltr'><strong>ἃ</strong></span> <span class='ocrx_word' id='word_1_13' title='bbox 1033 409 1049 433; x_wconf 89' lang='grc'><strong><em>,</em></strong></span> <span class='ocrx_word' id='word_1_14' title='bbox 1073 389 1125 424; x_wconf 90' lang='lat' dir='ltr'>ut</span> <span class='ocrx_word' id='word_1_15' title='bbox 1141 377 1228 425; x_wconf 90' lang='lat' dir='ltr'>Ca·</span> 
     </span>
     <span class='ocr_line' id='line_1_4' title="bbox 322 444 1229 516; baseline -0.002 -20"><span class='ocrx_word' id='word_1_16' title='bbox 322 448 511 516; x_wconf 87' lang='lat' dir='ltr'>pucinos</span> <span class='ocrx_word' id='word_1_17' title='bbox 545 444 859 497; x_wconf 83' lang='lat' dir='ltr'>Missionarios</span> <span class='ocrx_word' id='word_1_18' title='bbox 889 479 905 502; x_wconf 91' lang='lat'>,</span> <span class='ocrx_word' id='word_1_19' title='bbox 946 461 1229 513; x_wconf 72' lang='lat' dir='ltr'>eorumque..-</span> 
     </span>
     <span class='ocr_line' id='line_1_5' title="bbox 319 513 1232 586; baseline -0.007 -15"><span class='ocrx_word' id='word_1_20' title='bbox 319 517 535 586; x_wconf 89' lang='lat' dir='ltr'>Hospitia</span> <span class='ocrx_word' id='word_1_21' title='bbox 552 516 715 576; x_wconf 78' lang='lat' dir='ltr'>Teflis,</span> <span class='ocrx_word' id='word_1_22' title='bbox 731 515 850 567; x_wconf 91' lang='lat' dir='ltr'>Gori</span> <span class='ocrx_word' id='word_1_23' title='bbox 868 513 916 567; x_wconf 73' lang='grc' dir='ltr'>ὅ(</span> <span class='ocrx_word' id='word_1_24' title='bbox 932 518 1124 584; x_wconf 79' lang='lat' dir='ltr'>Gangiae</span> <span class='ocrx_word' id='word_1_25' title='bbox 1138 517 1232 565; x_wconf 83' lang='lat' dir='ltr'>exi-</span> 
     </span>
     <span class='ocr_line' id='line_1_6' title="bbox 324 585 1229 648; baseline -0.007 -8"><span class='ocrx_word' id='word_1_26' title='bbox 324 588 481 640; x_wconf 90' lang='lat' dir='ltr'>stentia</span> <span class='ocrx_word' id='word_1_27' title='bbox 496 588 734 648; x_wconf 66' lang='lat' dir='ltr'>,atributo</span> <span class='ocrx_word' id='word_1_28' title='bbox 757 585 818 636; x_wconf 92' lang='lat' dir='ltr'>ob</span> <span class='ocrx_word' id='word_1_29' title='bbox 842 588 1117 636; x_wconf 82' lang='lat' dir='ltr'>concitatam</span> <span class='ocrx_word' id='word_1_30' title='bbox 1141 586 1229 635; x_wconf 66' lang='lat' dir='ltr'>im</span> 
     </span>
     <span class='ocr_line' id='line_1_7' title="bbox 321 651 1229 728; baseline -0.003 -19"><span class='ocrx_word' id='word_1_31' title='bbox 321 675 431 727; x_wconf 83' lang='lat' dir='ltr'>eum</span> <span class='ocrx_word' id='word_1_32' title='bbox 449 661 742 728; x_wconf 87' lang='lat' dir='ltr'>Popularium</span> <span class='ocrx_word' id='word_1_33' title='bbox 756 651 1135 723; x_wconf 73' lang='lat' dir='ltr'>conspirationem</span> <span class='ocrx_word' id='word_1_34' title='bbox 1153 671 1229 728; x_wconf 86' lang='lat' dir='ltr'>ge·</span> 
     </span>
     <span class='ocr_line' id='line_1_8' title="bbox 325 726 1144 800; baseline -0.002 -21"><span class='ocrx_word' id='word_1_35' title='bbox 325 730 516 781; x_wconf 80' lang='lat' dir='ltr'>neratim</span> <span class='ocrx_word' id='word_1_36' title='bbox 534 726 743 800; x_wconf 84' lang='lat' dir='ltr'>impofito</span> <span class='ocrx_word' id='word_1_37' title='bbox 761 727 960 786; x_wconf 80' lang='lat' dir='ltr'>eximat,</span> <span class='ocrx_word' id='word_1_38' title='bbox 990 726 1144 778; x_wconf 76' lang='lat' dir='ltr'>instat.</span> 
     </span>
    </p>
   </div>
   <div class='ocr_carea' id='block_1_3' title="bbox 289 865 1201 986">
    <p class='ocr_par' dir='ltr' id='par_1_3' title="bbox 289 865 1201 986">
     <span class='ocr_line' id='line_1_9' title="bbox 289 865 1201 986; baseline -0.003 -74"><span class='ocrx_word' id='word_1_39' title='bbox 289 868 510 927; x_wconf 5' lang='lat' dir='ltr'>Illustrip&amp;</span> <span class='ocrx_word' id='word_1_40' title='bbox 522 865 769 986; x_wconf 49' lang='lat' dir='ltr'>htenssmo</span> <span class='ocrx_word' id='word_1_41' title='bbox 787 894 799 915; x_wconf 95' lang='lat'><strong><em>,</em></strong></span> <span class='ocrx_word' id='word_1_42' title='bbox 819 869 957 911; x_wconf 70' lang='lat' dir='ltr'>Tantas</span> <span class='ocrx_word' id='word_1_43' title='bbox 983 867 1201 917; x_wconf 81' lang='lat' dir='ltr'>Kulikam,</span> 
     </span>
     <span class='ocr_line' id='line_1_10' title="bbox 579 926 898 985; baseline -0.006 -16"><span class='ocrx_word' id='word_1_44' title='bbox 579 928 651 969; x_wconf 76' lang='lat' dir='ltr'>Per</span> <span class='ocrx_word' id='word_1_45' title='bbox 669 939 785 970; x_wconf 73' lang='lat' dir='ltr'>arum</span> <span class='ocrx_word' id='word_1_46' title='bbox 801 926 898 985; x_wconf 77' lang='lat' dir='ltr'>Regi</span> 
     </span>
    </p>
   </div>
   <div class='ocr_carea' id='block_1_4' title="bbox 255 1042 1227 1113">
    <p class='ocr_par' dir='ltr' id='par_1_4' title="bbox 255 1042 1227 1113">
     <span class='ocr_line' id='line_1_11' title="bbox 255 1042 1227 1113; baseline 0 -5"><span class='ocrx_word' id='word_1_47' title='bbox 255 1042 768 1113; x_wconf 56' lang='lat' dir='ltr'>aenomaus</span> <span class='ocrx_word' id='word_1_48' title='bbox 818 1059 1021 1110; x_wconf 82' lang='lat' dir='ltr'>PAPA</span> <span class='ocrx_word' id='word_1_49' title='bbox 1059 1059 1227 1112; x_wconf 80' lang='lat' dir='ltr'>xiv.</span> 
     </span>
    </p>
   </div>
   <div class='ocr_carea' id='block_1_5' title="bbox 284 1183 1200 1291">
    <p class='ocr_par' dir='ltr' id='par_1_5' title="bbox 284 1183 1200 1291">
     <span class='ocr_line' id='line_1_12' title="bbox 284 1183 1200 1243; baseline 0 -13"><span class='ocrx_word' id='word_1_50' title='bbox 284 1183 454 1243; x_wconf 73' lang='lat' dir='ltr'>illustris</span> <span class='ocrx_word' id='word_1_51' title='bbox 481 1185 535 1235; x_wconf 67' lang='grc' dir='ltr'>ὠ·</span> <span class='ocrx_word' id='word_1_52' title='bbox 550 1185 810 1243; x_wconf 70' lang='lat' dir='ltr'>Potentiſsime</span> <span class='ocrx_word' id='word_1_53' title='bbox 837 1186 1128 1242; x_wconf 57' lang='lat' dir='ltr'>masmana,</span> <span class='ocrx_word' id='word_1_54' title='bbox 1153 1199 1200 1230; x_wconf 81' lang='lat' dir='ltr'>ac</span> 
     </span>
     <span class='ocr_line' id='line_1_13' title="bbox 483 1245 998 1291; baseline -0.002 -4"><span class='ocrx_word' id='word_1_55' title='bbox 483 1245 613 1288; x_wconf 78' lang='lat' dir='ltr'>lumen</span> <span class='ocrx_word' id='word_1_56' title='bbox 639 1245 796 1289; x_wconf 77' lang='lat' dir='ltr'>Ditn&#39;u</span> <span class='ocrx_word' id='word_1_57' title='bbox 811 1247 966 1291; x_wconf 69' lang='lat' dir='ltr'>Gratia</span> <span class='ocrx_word' id='word_1_58' title='bbox 983 1273 998 1286; x_wconf 91' lang='lat'><strong>.</strong></span> 
     </span>
    </p>
   </div>
   <div class='ocr_carea' id='block_1_6' title="bbox 247 1358 1228 1884">
    <p class='ocr_par' dir='ltr' id='par_1_6' title="bbox 356 1358 1228 1472">
     <span class='ocr_line' id='line_1_14' title="bbox 356 1358 1227 1414; baseline 0.002 -14"><span class='ocrx_word' id='word_1_59' title='bbox 356 1362 457 1413; x_wconf 68' lang='lat' dir='ltr'>Ama</span> <span class='ocrx_word' id='word_1_60' title='bbox 478 1358 757 1414; x_wconf 82' lang='lat' dir='ltr'>jucundiffimis</span> <span class='ocrx_word' id='word_1_61' title='bbox 794 1360 965 1405; x_wconf 65' lang='lat' dir='ltr'>colletsta</span> <span class='ocrx_word' id='word_1_62' title='bbox 986 1360 1139 1404; x_wconf 74' lang='lat' dir='ltr'>nuntiis</span> <span class='ocrx_word' id='word_1_63' title='bbox 1175 1358 1227 1403; x_wconf 83' lang='lat' dir='ltr'>ad</span> 
     </span>
     <span class='ocr_line' id='line_1_15' title="bbox 376 1418 1228 1472; baseline 0.002 -11"><span class='ocrx_word' id='word_1_64' title='bbox 376 1421 462 1461; x_wconf 84' lang='lat' dir='ltr'>Nos</span> <span class='ocrx_word' id='word_1_65' title='bbox 491 1418 676 1472; x_wconf 74' lang='lat' dir='ltr'>pervenit</span> <span class='ocrx_word' id='word_1_66' title='bbox 702 1448 717 1470; x_wconf 92' lang='lat'>‚</span> <span class='ocrx_word' id='word_1_67' title='bbox 744 1419 1037 1464; x_wconf 81' lang='lat' dir='ltr'>celsitudinem</span> <span class='ocrx_word' id='word_1_68' title='bbox 1067 1422 1228 1463; x_wconf 66' lang='lat' dir='ltr'>Tuam..</span> 
     </span>
    </p>

    <p class='ocr_par' dir='ltr' id='par_1_7' title="bbox 247 1476 1228 1884">
     <span class='ocr_line' id='line_1_16' title="bbox 250 1476 1228 1535; baseline 0 -16"><span class='ocrx_word' id='word_1_69' title='bbox 250 1489 333 1520; x_wconf 80' lang='lat' dir='ltr'>non</span> <span class='ocrx_word' id='word_1_70' title='bbox 350 1477 475 1519; x_wconf 89' lang='lat' dir='ltr'>minus</span> <span class='ocrx_word' id='word_1_71' title='bbox 491 1476 652 1519; x_wconf 87' lang='lat' dir='ltr'>militari</span> <span class='ocrx_word' id='word_1_72' title='bbox 668 1478 815 1521; x_wconf 85' lang='lat' dir='ltr'>virture</span> <span class='ocrx_word' id='word_1_73' title='bbox 827 1505 840 1528; x_wconf 88' lang='lat'>‚</span> <span class='ocrx_word' id='word_1_74' title='bbox 866 1490 985 1535; x_wconf 80' lang='lat' dir='ltr'>atque</span> <span class='ocrx_word' id='word_1_75' title='bbox 1003 1479 1151 1520; x_wconf 61' lang='lat' dir='ltr'>invidio</span> <span class='ocrx_word' id='word_1_76' title='bbox 1165 1491 1228 1519; x_wconf 88' lang='lat' dir='ltr'>ar·</span> 
     </span>
     <span class='ocr_line' id='line_1_17' title="bbox 248 1533 1226 1592; baseline -0.002 -15"><span class='ocrx_word' id='word_1_77' title='bbox 248 1547 409 1579; x_wconf 87' lang='lat' dir='ltr'>morum</span> <span class='ocrx_word' id='word_1_78' title='bbox 427 1534 576 1578; x_wconf 80' lang='lat' dir='ltr'>robore</span> <span class='ocrx_word' id='word_1_79' title='bbox 594 1533 748 1592; x_wconf 77' lang='lat' dir='ltr'>fregiffe</span> <span class='ocrx_word' id='word_1_80' title='bbox 777 1538 998 1580; x_wconf 74' lang='lat' dir='ltr'>‘furcarum</span> <span class='ocrx_word' id='word_1_81' title='bbox 1013 1535 1226 1586; x_wconf 78' lang='lat' dir='ltr'>ferociam,</span> 
     </span>
     <span class='ocr_line' id='line_1_18' title="bbox 249 1592 1226 1651; baseline -0.002 -15"><span class='ocrx_word' id='word_1_82' title='bbox 249 1595 369 1650; x_wconf 66' lang='lat' dir='ltr'>quam</span> <span class='ocrx_word' id='word_1_83' title='bbox 400 1592 619 1635; x_wconf 77' lang='lat' dir='ltr'>lenitudine</span> <span class='ocrx_word' id='word_1_84' title='bbox 645 1594 882 1650; x_wconf 87' lang='lat' dir='ltr'>placidaque</span> <span class='ocrx_word' id='word_1_85' title='bbox 911 1595 1053 1651; x_wconf 78' lang='lat' dir='ltr'>agendi</span> <span class='ocrx_word' id='word_1_86' title='bbox 1071 1594 1226 1636; x_wconf 85' lang='lat' dir='ltr'>ratione</span> 
     </span>
     <span class='ocr_line' id='line_1_19' title="bbox 248 1649 1224 1706; baseline -0.004 -10"><span class='ocrx_word' id='word_1_87' title='bbox 248 1651 317 1696; x_wconf 85' lang='lat' dir='ltr'>fibi</span> <span class='ocrx_word' id='word_1_88' title='bbox 330 1649 558 1694; x_wconf 66' lang='lat' dir='ltr'>conciliatae</span> <span class='ocrx_word' id='word_1_89' title='bbox 572 1652 812 1706; x_wconf 86' lang='lat' dir='ltr'>populorum</span> <span class='ocrx_word' id='word_1_90' title='bbox 830 1667 1008 1696; x_wconf 84' lang='lat' dir='ltr'>amorem</span> <span class='ocrx_word' id='word_1_91' title='bbox 1022 1679 1037 1701; x_wconf 81' lang='lat'>,</span> <span class='ocrx_word' id='word_1_92' title='bbox 1068 1650 1190 1695; x_wconf 77' lang='lat' dir='ltr'>sidem</span> <span class='ocrx_word' id='word_1_93' title='bbox 1208 1676 1224 1700; x_wconf 80' lang='lat'>,</span> 
     </span>
     <span class='ocr_line' id='line_1_20' title="bbox 247 1709 1225 1769; baseline -0.004 -16"><span class='ocrx_word' id='word_1_94' title='bbox 247 1720 369 1767; x_wconf 77' lang='lat' dir='ltr'>atque</span> <span class='ocrx_word' id='word_1_95' title='bbox 383 1709 652 1753; x_wconf 76' lang='lat' dir='ltr'>obedientiam</span> <span class='ocrx_word' id='word_1_96' title='bbox 664 1734 677 1749; x_wconf 76' lang='lat'><em>0</em></span> <span class='ocrx_word' id='word_1_97' title='bbox 689 1711 790 1769; x_wconf 81' lang='lat' dir='ltr'>Qo</span> <span class='ocrx_word' id='word_1_98' title='bbox 802 1712 960 1766; x_wconf 88' lang='lat' dir='ltr'>quidem</span> <span class='ocrx_word' id='word_1_99' title='bbox 975 1709 1082 1756; x_wconf 84' lang='lat' dir='ltr'>felici</span> <span class='ocrx_word' id='word_1_100' title='bbox 1098 1723 1225 1752; x_wconf 76' lang='lat' dir='ltr'>even-</span> 
     </span>
     <span class='ocr_line' id='line_1_21' title="bbox 248 1767 1222 1825; baseline -0.003 -12"><span class='ocrx_word' id='word_1_101' title='bbox 248 1779 295 1815; x_wconf 87' lang='lat' dir='ltr'>tu</span> <span class='ocrx_word' id='word_1_102' title='bbox 311 1782 490 1825; x_wconf 78' lang='lat' dir='ltr'>magnam</span> <span class='ocrx_word' id='word_1_103' title='bbox 509 1767 688 1811; x_wconf 75' lang='lat' dir='ltr'>loetitiam</span> <span class='ocrx_word' id='word_1_104' title='bbox 705 1771 897 1813; x_wconf 82' lang='lat' dir='ltr'>haussmus</span> <span class='ocrx_word' id='word_1_105' title='bbox 911 1798 927 1823; x_wconf 93' lang='lat'>,</span> <span class='ocrx_word' id='word_1_106' title='bbox 960 1771 1033 1812; x_wconf 85' lang='lat' dir='ltr'>rati</span> <span class='ocrx_word' id='word_1_107' title='bbox 1049 1797 1064 1820; x_wconf 83' lang='lat'>,</span> <span class='ocrx_word' id='word_1_108' title='bbox 1092 1768 1222 1811; x_wconf 81' lang='lat' dir='ltr'>hostes</span> 
     </span>
     <span class='ocr_line' id='line_1_22' title="bbox 247 1825 1221 1884; baseline -0.004 -12"><span class='ocrx_word' id='word_1_109' title='bbox 247 1828 342 1872; x_wconf 83' lang='lat' dir='ltr'>illos</span> <span class='ocrx_word' id='word_1_110' title='bbox 353 1826 589 1871; x_wconf 75' lang='lat' dir='ltr'>Christianis</span> <span class='ocrx_word' id='word_1_111' title='bbox 613 1829 723 1884; x_wconf 56' lang='lat' dir='ltr'>equ&amp;</span> <span class='ocrx_word' id='word_1_112' title='bbox 747 1843 792 1872; x_wconf 75' lang='lat' dir='ltr'>ac</span> <span class='ocrx_word' id='word_1_113' title='bbox 811 1829 935 1872; x_wconf 71' lang='lat' dir='ltr'>Perfi-</span> <span class='ocrx_word' id='word_1_114' title='bbox 952 1825 1221 1872; x_wconf 74' lang='lat' dir='ltr'>infenfiffimos</span> 
     </span>
    </p>
   </div>
   <div class='ocr_carea' id='block_1_7' title="bbox 250 1884 1259 1943">
    <p class='ocr_par' dir='ltr' id='par_1_8' title="bbox 250 1884 1259 1943">
     <span class='ocr_line' id='line_1_23' title="bbox 250 1884 1259 1943; baseline -0.002 -12"><span class='ocrx_word' id='word_1_115' title='bbox 250 1888 320 1931; x_wconf 73' lang='lat' dir='ltr'>aba</span> <span class='ocrx_word' id='word_1_116' title='bbox 343 1888 403 1930; x_wconf 85' lang='lat' dir='ltr'>Te</span> <span class='ocrx_word' id='word_1_117' title='bbox 426 1884 624 1940; x_wconf 67' lang='lat' dir='ltr'>depressos</span> <span class='ocrx_word' id='word_1_118' title='bbox 656 1916 671 1939; x_wconf 91' lang='lat'><strong>,</strong></span> <span class='ocrx_word' id='word_1_119' title='bbox 708 1887 847 1941; x_wconf 76' lang='lat' dir='ltr'>parum</span> <span class='ocrx_word' id='word_1_120' title='bbox 877 1887 1069 1943; x_wconf 69' lang='lat' dir='ltr'>deinceps</span> <span class='ocrx_word' id='word_1_121' title='bbox 1089 1887 1223 1930; x_wconf 82' lang='lat' dir='ltr'>Nobis</span> <span class='ocrx_word' id='word_1_122' title='bbox 1255 1915 1259 1919; x_wconf 86' lang='lat'><em>-</em></span> 
     </span>
    </p>
   </div>
   <div class='ocr_carea' id='block_1_8' title="bbox 242 1942 1227 3816">
    <p class='ocr_par' dir='ltr' id='par_1_9' title="bbox 242 1942 1227 3816">
     <span class='ocr_line' id='line_1_24' title="bbox 251 1942 1224 2002; baseline 0 -17"><span class='ocrx_word' id='word_1_123' title='bbox 251 1958 394 2002; x_wconf 79' lang='lat' dir='ltr'>graves</span> <span class='ocrx_word' id='word_1_124' title='bbox 406 1970 423 1997; x_wconf 81' lang='lat'><strong>,</strong></span> <span class='ocrx_word' id='word_1_125' title='bbox 436 1942 695 2000; x_wconf 74' lang='lat' dir='ltr'>niolestosque</span> <span class='ocrx_word' id='word_1_126' title='bbox 711 1942 872 1987; x_wconf 87' lang='lat' dir='ltr'>futuros</span> <span class='ocrx_word' id='word_1_127' title='bbox 889 1971 903 1992; x_wconf 74' lang='lat'><strong>‚</strong></span> <span class='ocrx_word' id='word_1_128' title='bbox 929 1944 1038 1988; x_wconf 83' lang='lat' dir='ltr'>limul</span> <span class='ocrx_word' id='word_1_129' title='bbox 1056 1955 1193 1988; x_wconf 87' lang='lat' dir='ltr'>autem</span> <span class='ocrx_word' id='word_1_130' title='bbox 1208 1969 1224 1993; x_wconf 81' lang='lat'>‚</span> 
     </span>
     <span class='ocr_line' id='line_1_25' title="bbox 252 2002 1226 2058; baseline -0.004 -10"><span class='ocrx_word' id='word_1_131' title='bbox 252 2007 314 2048; x_wconf 88' lang='lat' dir='ltr'>Te</span> <span class='ocrx_word' id='word_1_132' title='bbox 330 2002 499 2046; x_wconf 80' lang='lat' dir='ltr'>suaviter</span> <span class='ocrx_word' id='word_1_133' title='bbox 526 2011 752 2056; x_wconf 80' lang='lat' dir='ltr'>regnante,</span> <span class='ocrx_word' id='word_1_134' title='bbox 776 2003 1018 2046; x_wconf 88' lang='lat' dir='ltr'>Catholicos</span> <span class='ocrx_word' id='word_1_135' title='bbox 1056 2016 1127 2058; x_wconf 86' lang='lat' dir='ltr'>per</span> <span class='ocrx_word' id='word_1_136' title='bbox 1141 2017 1226 2045; x_wconf 84' lang='lat' dir='ltr'>arn-</span> 
     </span>
     <span class='ocr_line' id='line_1_26' title="bbox 250 2059 1227 2119; baseline -0.002 -14"><span class='ocrx_word' id='word_1_137' title='bbox 250 2059 460 2119; x_wconf 82' lang='lat' dir='ltr'>pliffimam</span> <span class='ocrx_word' id='word_1_138' title='bbox 475 2069 587 2102; x_wconf 89' lang='lat' dir='ltr'>tuam</span> <span class='ocrx_word' id='word_1_139' title='bbox 605 2060 807 2103; x_wconf 89' lang='lat' dir='ltr'>Ditionem</span> <span class='ocrx_word' id='word_1_140' title='bbox 833 2060 1026 2117; x_wconf 79' lang='lat' dir='ltr'>degentes</span> <span class='ocrx_word' id='word_1_141' title='bbox 1045 2073 1227 2104; x_wconf 79' lang='lat' dir='ltr'>comino-</span> 
     </span>
     <span class='ocr_line' id='line_1_27' title="bbox 249 2116 1225 2175; baseline -0.003 -13"><span class='ocrx_word' id='word_1_142' title='bbox 249 2120 342 2163; x_wconf 86' lang='lat' dir='ltr'>dam</span> <span class='ocrx_word' id='word_1_143' title='bbox 358 2116 638 2175; x_wconf 79' lang='lat' dir='ltr'>honestamque</span> <span class='ocrx_word' id='word_1_144' title='bbox 665 2119 824 2162; x_wconf 85' lang='lat' dir='ltr'>vivendi</span> <span class='ocrx_word' id='word_1_145' title='bbox 850 2121 1128 2164; x_wconf 87' lang='lat' dir='ltr'>conditionem</span> <span class='ocrx_word' id='word_1_146' title='bbox 1158 2119 1225 2159; x_wconf 90' lang='lat' dir='ltr'>ha-</span> 
     </span>
     <span class='ocr_line' id='line_1_28' title="bbox 249 2177 1226 2233; baseline -0.007 -11"><span class='ocrx_word' id='word_1_147' title='bbox 249 2179 407 2223; x_wconf 87' lang='lat' dir='ltr'>bituros</span> <span class='ocrx_word' id='word_1_148' title='bbox 421 2204 431 2218; x_wconf 87' lang='lat'><strong>.</strong></span> <span class='ocrx_word' id='word_1_149' title='bbox 446 2178 589 2233; x_wconf 83' lang='lat' dir='ltr'>ltaque</span> <span class='ocrx_word' id='word_1_150' title='bbox 600 2177 810 2232; x_wconf 83' lang='lat' dir='ltr'>acceptum</span> <span class='ocrx_word' id='word_1_151' title='bbox 835 2177 857 2220; x_wconf 68' lang='grc' dir='ltr'>ὲ</span> <span class='ocrx_word' id='word_1_152' title='bbox 876 2178 1003 2221; x_wconf 80' lang='lat' dir='ltr'>Nobis</span> <span class='ocrx_word' id='word_1_153' title='bbox 1031 2179 1083 2220; x_wconf 89' lang='lat' dir='ltr'>de</span> <span class='ocrx_word' id='word_1_154' title='bbox 1104 2178 1226 2219; x_wconf 80' lang='lat' dir='ltr'>rebus</span> 
     </span>
     <span class='ocr_line' id='line_1_29' title="bbox 247 2233 1227 2295; baseline -0.006 -15"><span class='ocrx_word' id='word_1_155' title='bbox 247 2238 307 2280; x_wconf 85' lang='lat' dir='ltr'>ita</span> <span class='ocrx_word' id='word_1_156' title='bbox 318 2238 386 2279; x_wconf 81' lang='lat' dir='ltr'>abs</span> <span class='ocrx_word' id='word_1_157' title='bbox 403 2237 463 2278; x_wconf 83' lang='lat' dir='ltr'>Te</span> <span class='ocrx_word' id='word_1_158' title='bbox 477 2233 666 2290; x_wconf 67' lang='lat' dir='ltr'>prospere</span> <span class='ocrx_word' id='word_1_159' title='bbox 678 2249 724 2279; x_wconf 86' lang='lat' dir='ltr'>ac</span> <span class='ocrx_word' id='word_1_160' title='bbox 740 2235 936 2292; x_wconf 77' lang='lat' dir='ltr'>sapienter</span> <span class='ocrx_word' id='word_1_161' title='bbox 955 2235 1078 2292; x_wconf 61' lang='lat' dir='ltr'>,gestis</span> <span class='ocrx_word' id='word_1_162' title='bbox 1093 2262 1109 2286; x_wconf 89' lang='lat'>,</span> <span class='ocrx_word' id='word_1_163' title='bbox 1134 2246 1227 2295; x_wconf 68' lang='lat' dir='ltr'>gau-</span> 
     </span>
     <span class='ocr_line' id='line_1_30' title="bbox 247 2291 1226 2342; baseline -0.007 -3"><span class='ocrx_word' id='word_1_164' title='bbox 247 2295 360 2339; x_wconf 85' lang='lat' dir='ltr'>dium</span> <span class='ocrx_word' id='word_1_165' title='bbox 373 2291 632 2342; x_wconf 74' lang='lat' dir='ltr'>Celtitudinis</span> <span class='ocrx_word' id='word_1_166' title='bbox 649 2294 744 2337; x_wconf 68' lang='lat' dir='ltr'>Tua</span> <span class='ocrx_word' id='word_1_167' title='bbox 763 2295 992 2338; x_wconf 84' lang='lat' dir='ltr'>renuntiare</span> <span class='ocrx_word' id='word_1_168' title='bbox 1015 2291 1226 2336; x_wconf 80' lang='lat' dir='ltr'>constitui·</span> 
     </span>
     <span class='ocr_line' id='line_1_31' title="bbox 248 2349 1225 2407; baseline -0.005 -11"><span class='ocrx_word' id='word_1_169' title='bbox 248 2365 334 2396; x_wconf 85' lang='lat' dir='ltr'>mus</span> <span class='ocrx_word' id='word_1_170' title='bbox 345 2379 358 2403; x_wconf 88' lang='lat'>,</span> <span class='ocrx_word' id='word_1_171' title='bbox 387 2358 460 2402; x_wconf 85' lang='lat' dir='ltr'>ut,</span> <span class='ocrx_word' id='word_1_172' title='bbox 488 2363 582 2393; x_wconf 87' lang='lat' dir='ltr'>cum</span> <span class='ocrx_word' id='word_1_173' title='bbox 596 2349 766 2394; x_wconf 82' lang='lat' dir='ltr'>audieris</span> <span class='ocrx_word' id='word_1_174' title='bbox 779 2350 921 2395; x_wconf 81' lang='lat' dir='ltr'>favere</span> <span class='ocrx_word' id='word_1_175' title='bbox 943 2356 1028 2395; x_wconf 79' lang='lat' dir='ltr'>Nos</span> <span class='ocrx_word' id='word_1_176' title='bbox 1044 2366 1091 2396; x_wconf 82' lang='lat' dir='ltr'>ac</span> <span class='ocrx_word' id='word_1_177' title='bbox 1110 2350 1225 2407; x_wconf 73' lang='lat' dir='ltr'>plau-</span> 
     </span>
     <span class='ocr_line' id='line_1_32' title="bbox 245 2405 1221 2465; baseline -0.001 -12"><span class='ocrx_word' id='word_1_178' title='bbox 245 2411 340 2454; x_wconf 90' lang='lat' dir='ltr'>dere</span> <span class='ocrx_word' id='word_1_179' title='bbox 353 2405 566 2460; x_wconf 85' lang='lat' dir='ltr'>felicitati,</span> <span class='ocrx_word' id='word_1_180' title='bbox 579 2409 794 2465; x_wconf 70' lang='lat' dir='ltr'>gloriaque</span> <span class='ocrx_word' id='word_1_181' title='bbox 812 2412 920 2462; x_wconf 76' lang='lat' dir='ltr'>Tuoe,</span> <span class='ocrx_word' id='word_1_182' title='bbox 936 2409 1118 2454; x_wconf 78' lang='lat' dir='ltr'>libentius</span> <span class='ocrx_word' id='word_1_183' title='bbox 1136 2411 1221 2453; x_wconf 85' lang='lat' dir='ltr'>Re·</span> 
     </span>
     <span class='ocr_line' id='line_1_33' title="bbox 243 2466 1220 2528; baseline 0 -18"><span class='ocrx_word' id='word_1_184' title='bbox 243 2468 310 2528; x_wconf 71' lang='lat' dir='ltr'>gia</span> <span class='ocrx_word' id='word_1_185' title='bbox 334 2468 561 2512; x_wconf 83' lang='lat' dir='ltr'>Clementia</span> <span class='ocrx_word' id='word_1_186' title='bbox 587 2478 654 2510; x_wconf 86' lang='lat' dir='ltr'>tua</span> <span class='ocrx_word' id='word_1_187' title='bbox 682 2466 795 2524; x_wconf 90' lang='lat' dir='ltr'>prose</span> <span class='ocrx_word' id='word_1_188' title='bbox 827 2469 923 2512; x_wconf 65' lang='lat' dir='ltr'>uare</span> <span class='ocrx_word' id='word_1_189' title='bbox 948 2469 1085 2512; x_wconf 83' lang='lat' dir='ltr'>nossrae</span> <span class='ocrx_word' id='word_1_190' title='bbox 1107 2468 1220 2511; x_wconf 86' lang='lat' dir='ltr'>Reli-</span> 
     </span>
     <span class='ocr_line' id='line_1_34' title="bbox 245 2525 1220 2585; baseline -0.001 -15"><span class='ocrx_word' id='word_1_191' title='bbox 245 2528 376 2584; x_wconf 82' lang='lat' dir='ltr'>gionis</span> <span class='ocrx_word' id='word_1_192' title='bbox 390 2525 707 2580; x_wconf 80' lang='lat' dir='ltr'>Cives,impetio</span> <span class='ocrx_word' id='word_1_193' title='bbox 721 2537 794 2571; x_wconf 89' lang='lat' dir='ltr'>tuo</span> <span class='ocrx_word' id='word_1_194' title='bbox 822 2528 1015 2585; x_wconf 73' lang='lat' dir='ltr'>ubjectos,</span> <span class='ocrx_word' id='word_1_195' title='bbox 1028 2542 1128 2585; x_wconf 78' lang='lat' dir='ltr'>quos</span> <span class='ocrx_word' id='word_1_196' title='bbox 1144 2541 1220 2585; x_wconf 87' lang='lat' dir='ltr'>pro</span> 
     </span>
     <span class='ocr_line' id='line_1_35' title="bbox 244 2583 1220 2634; baseline -0.002 -5"><span class='ocrx_word' id='word_1_197' title='bbox 244 2597 363 2629; x_wconf 84' lang='lat' dir='ltr'>certo</span> <span class='ocrx_word' id='word_1_198' title='bbox 378 2583 518 2627; x_wconf 85' lang='lat' dir='ltr'>babere</span> <span class='ocrx_word' id='word_1_199' title='bbox 531 2583 652 2627; x_wconf 87' lang='lat' dir='ltr'>debes</span> <span class='ocrx_word' id='word_1_200' title='bbox 663 2610 679 2634; x_wconf 79' lang='lat'><strong>,</strong></span> <span class='ocrx_word' id='word_1_201' title='bbox 693 2585 896 2630; x_wconf 83' lang='lat' dir='ltr'>nobiscum</span> <span class='ocrx_word' id='word_1_202' title='bbox 924 2585 1048 2629; x_wconf 74' lang='lat' dir='ltr'>laetari</span> <span class='ocrx_word' id='word_1_203' title='bbox 1064 2588 1138 2631; x_wconf 77' lang='lat' dir='ltr'>liae</span> <span class='ocrx_word' id='word_1_204' title='bbox 1150 2597 1220 2628; x_wconf 81' lang='lat' dir='ltr'>tua</span> 
     </span>
     <span class='ocr_line' id='line_1_36' title="bbox 245 2641 1221 2700; baseline 0 -13"><span class='ocrx_word' id='word_1_205' title='bbox 245 2644 384 2700; x_wconf 79' lang='lat' dir='ltr'>insigni</span> <span class='ocrx_word' id='word_1_206' title='bbox 402 2641 520 2685; x_wconf 87' lang='lat' dir='ltr'>laude</span> <span class='ocrx_word' id='word_1_207' title='bbox 533 2669 547 2692; x_wconf 86' lang='lat'><strong>‚</strong></span> <span class='ocrx_word' id='word_1_208' title='bbox 566 2654 712 2698; x_wconf 85' lang='lat' dir='ltr'>tuaque</span> <span class='ocrx_word' id='word_1_209' title='bbox 728 2643 884 2688; x_wconf 68' lang='lat' dir='ltr'>illestos</span> <span class='ocrx_word' id='word_1_210' title='bbox 904 2641 1221 2697; x_wconf 81' lang='lat' dir='ltr'>mansuetudine,</span> 
     </span>
     <span class='ocr_line' id='line_1_37' title="bbox 247 2700 1220 2759; baseline 0.002 -13"><span class='ocrx_word' id='word_1_211' title='bbox 247 2705 371 2758; x_wconf 83' lang='lat' dir='ltr'>magis</span> <span class='ocrx_word' id='word_1_212' title='bbox 385 2712 518 2744; x_wconf 87' lang='lat' dir='ltr'>autem</span> <span class='ocrx_word' id='word_1_213' title='bbox 544 2700 771 2745; x_wconf 79' lang='lat' dir='ltr'>christiana</span> <span class='ocrx_word' id='word_1_214' title='bbox 806 2703 924 2759; x_wconf 77' lang='lat' dir='ltr'>Legis</span> <span class='ocrx_word' id='word_1_215' title='bbox 950 2702 1220 2748; x_wconf 70' lang='lat' dir='ltr'>institutoin.»</span> 
     </span>
     <span class='ocr_line' id='line_1_38' title="bbox 247 2758 1221 2819; baseline -0.003 -14"><span class='ocrx_word' id='word_1_216' title='bbox 247 2759 356 2811; x_wconf 88' lang='lat' dir='ltr'>fide,</span> <span class='ocrx_word' id='word_1_217' title='bbox 383 2770 507 2815; x_wconf 87' lang='lat' dir='ltr'>atque</span> <span class='ocrx_word' id='word_1_218' title='bbox 520 2758 711 2817; x_wconf 85' lang='lat' dir='ltr'>obsequio</span> <span class='ocrx_word' id='word_1_219' title='bbox 738 2760 808 2805; x_wconf 90' lang='lat' dir='ltr'>suo</span> <span class='ocrx_word' id='word_1_220' title='bbox 836 2775 932 2819; x_wconf 83' lang='lat' dir='ltr'>erga</span> <span class='ocrx_word' id='word_1_221' title='bbox 965 2763 1027 2804; x_wconf 83' lang='lat' dir='ltr'>Te</span> <span class='ocrx_word' id='word_1_222' title='bbox 1047 2760 1221 2804; x_wconf 81' lang='lat' dir='ltr'>firmiter</span> 
     </span>
     <span class='ocr_line' id='line_1_39' title="bbox 245 2818 1220 2876; baseline 0.001 -14"><span class='ocrx_word' id='word_1_223' title='bbox 245 2833 483 2876; x_wconf 83' lang='lat' dir='ltr'>permanere</span> <span class='ocrx_word' id='word_1_224' title='bbox 502 2846 514 2860; x_wconf 82' lang='lat'><strong>·</strong></span> <span class='ocrx_word' id='word_1_225' title='bbox 529 2818 660 2876; x_wconf 86' lang='lat' dir='ltr'>Qod</span> <span class='ocrx_word' id='word_1_226' title='bbox 677 2834 767 2864; x_wconf 90' lang='lat' dir='ltr'>cum</span> <span class='ocrx_word' id='word_1_227' title='bbox 791 2820 948 2876; x_wconf 86' lang='lat' dir='ltr'>penitus</span> <span class='ocrx_word' id='word_1_228' title='bbox 966 2818 1220 2876; x_wconf 72' lang='lat' dir='ltr'>persuasum..</span> 
     </span>
     <span class='ocr_line' id='line_1_40' title="bbox 246 2875 1220 2933; baseline 0 -11"><span class='ocrx_word' id='word_1_229' title='bbox 246 2879 340 2922; x_wconf 85' lang='lat' dir='ltr'>Tibi</span> <span class='ocrx_word' id='word_1_230' title='bbox 354 2875 432 2919; x_wconf 81' lang='lat' dir='ltr'>esse</span> <span class='ocrx_word' id='word_1_231' title='bbox 457 2888 688 2932; x_wconf 88' lang='lat' dir='ltr'>reputemus</span> <span class='ocrx_word' id='word_1_232' title='bbox 704 2906 719 2929; x_wconf 79' lang='lat'>,</span> <span class='ocrx_word' id='word_1_233' title='bbox 747 2876 934 2922; x_wconf 75' lang='lat' dir='ltr'>fidentius</span> <span class='ocrx_word' id='word_1_234' title='bbox 956 2879 1220 2933; x_wconf 74' lang='lat' dir='ltr'>imploramus</span> 
     </span>
     <span class='ocr_line' id='line_1_41' title="bbox 242 2933 1216 2993; baseline -0.002 -12"><span class='ocrx_word' id='word_1_235' title='bbox 242 2933 550 2981; x_wconf 84' lang='lat' dir='ltr'>beneficentiam</span> <span class='ocrx_word' id='word_1_236' title='bbox 565 2944 672 2978; x_wconf 89' lang='lat' dir='ltr'>tuam</span> <span class='ocrx_word' id='word_1_237' title='bbox 686 2949 762 2990; x_wconf 83' lang='lat' dir='ltr'>pro</span> <span class='ocrx_word' id='word_1_238' title='bbox 773 2938 1216 2993; x_wconf 82' lang='lat' dir='ltr'>CapucinisFratribus,</span> 
     </span>
     <span class='ocr_line' id='line_1_42' title="bbox 244 2995 1215 3050; baseline 0.001 -12"><span class='ocrx_word' id='word_1_239' title='bbox 244 2996 285 3040; x_wconf 87' lang='lat' dir='ltr'>in</span> <span class='ocrx_word' id='word_1_240' title='bbox 300 2995 480 3050; x_wconf 71' lang='lat' dir='ltr'>Georgia</span> <span class='ocrx_word' id='word_1_241' title='bbox 499 2996 640 3050; x_wconf 78' lang='lat' dir='ltr'>Regno</span> <span class='ocrx_word' id='word_1_242' title='bbox 656 2995 918 3045; x_wconf 81' lang='lat' dir='ltr'>Miffionariis,</span> <span class='ocrx_word' id='word_1_243' title='bbox 931 2998 983 3042; x_wconf 76' lang='grc' dir='ltr'>οὸ</span> <span class='ocrx_word' id='word_1_244' title='bbox 998 2997 1049 3039; x_wconf 93' lang='lat' dir='ltr'>ab</span> <span class='ocrx_word' id='word_1_245' title='bbox 1065 2998 1215 3040; x_wconf 87' lang='lat' dir='ltr'>Roma·</span> 
     </span>
     <span class='ocr_line' id='line_1_43' title="bbox 244 3052 1218 3112; baseline 0.004 -18"><span class='ocrx_word' id='word_1_246' title='bbox 244 3069 294 3097; x_wconf 85' lang='lat' dir='ltr'>na</span> <span class='ocrx_word' id='word_1_247' title='bbox 313 3055 416 3098; x_wconf 69' lang='lat' dir='ltr'>sede</span> <span class='ocrx_word' id='word_1_248' title='bbox 428 3052 620 3109; x_wconf 75' lang='lat' dir='ltr'>ablegatis</span> <span class='ocrx_word' id='word_1_249' title='bbox 635 3081 650 3105; x_wconf 84' lang='lat'><strong>,</strong></span> <span class='ocrx_word' id='word_1_250' title='bbox 664 3063 726 3107; x_wconf 82' lang='lat' dir='ltr'>ut,</span> <span class='ocrx_word' id='word_1_251' title='bbox 737 3064 937 3112; x_wconf 87' lang='lat' dir='ltr'>quotquot</span> <span class='ocrx_word' id='word_1_252' title='bbox 963 3056 1018 3099; x_wconf 90' lang='lat' dir='ltr'>ibi</span> <span class='ocrx_word' id='word_1_253' title='bbox 1030 3054 1118 3100; x_wconf 87' lang='lat' dir='ltr'>sunt</span> <span class='ocrx_word' id='word_1_254' title='bbox 1134 3058 1218 3101; x_wconf 81' lang='lat' dir='ltr'>Ca-</span> 
     </span>
     <span class='ocr_line' id='line_1_44' title="bbox 247 3111 1217 3170; baseline 0.001 -15"><span class='ocrx_word' id='word_1_255' title='bbox 247 3112 390 3155; x_wconf 83' lang='lat' dir='ltr'>tholici</span> <span class='ocrx_word' id='word_1_256' title='bbox 418 3113 589 3155; x_wconf 83' lang='lat' dir='ltr'>nominis</span> <span class='ocrx_word' id='word_1_257' title='bbox 618 3140 633 3163; x_wconf 87' lang='lat'><strong>,</strong></span> <span class='ocrx_word' id='word_1_258' title='bbox 671 3111 720 3156; x_wconf 88' lang='lat' dir='ltr'>ad</span> <span class='ocrx_word' id='word_1_259' title='bbox 753 3113 943 3170; x_wconf 81' lang='lat' dir='ltr'>pietatem</span> <span class='ocrx_word' id='word_1_260' title='bbox 974 3123 1188 3160; x_wconf 82' lang='lat' dir='ltr'>exerceant</span> <span class='ocrx_word' id='word_1_261' title='bbox 1203 3142 1217 3156; x_wconf 88' lang='lat'><strong>.</strong></span> 
     </span>
     <span class='ocr_line' id='line_1_45' title="bbox 247 3171 1223 3225; baseline 0.003 -10"><span class='ocrx_word' id='word_1_262' title='bbox 247 3173 448 3216; x_wconf 73' lang='lat' dir='ltr'>Hactenus</span> <span class='ocrx_word' id='word_1_263' title='bbox 479 3172 582 3215; x_wconf 74' lang='lat' dir='ltr'>essim</span> <span class='ocrx_word' id='word_1_264' title='bbox 600 3171 756 3217; x_wconf 85' lang='lat' dir='ltr'>tributo</span> <span class='ocrx_word' id='word_1_265' title='bbox 778 3173 975 3219; x_wconf 88' lang='lat' dir='ltr'>immunes</span> <span class='ocrx_word' id='word_1_266' title='bbox 989 3203 1003 3225; x_wconf 89' lang='lat'>,</span> <span class='ocrx_word' id='word_1_267' title='bbox 1034 3188 1138 3218; x_wconf 88' lang='lat' dir='ltr'>nunc</span> <span class='ocrx_word' id='word_1_268' title='bbox 1170 3186 1223 3218; x_wconf 87' lang='lat' dir='ltr'>eo</span> 
     </span>
     <span class='ocr_line' id='line_1_46' title="bbox 246 3229 1225 3288; baseline 0 -16"><span class='ocrx_word' id='word_1_269' title='bbox 246 3231 425 3286; x_wconf 78' lang='lat' dir='ltr'>graviter</span> <span class='ocrx_word' id='word_1_270' title='bbox 438 3229 611 3278; x_wconf 75' lang='lat' dir='ltr'>onerati,</span> <span class='ocrx_word' id='word_1_271' title='bbox 624 3229 663 3273; x_wconf 89' lang='lat' dir='ltr'>in</span> <span class='ocrx_word' id='word_1_272' title='bbox 680 3229 846 3274; x_wconf 87' lang='lat' dir='ltr'>summas</span> <span class='ocrx_word' id='word_1_273' title='bbox 857 3232 1052 3288; x_wconf 82' lang='lat' dir='ltr'>angustias</span> <span class='ocrx_word' id='word_1_274' title='bbox 1065 3229 1225 3277; x_wconf 69' lang='lat' dir='ltr'>addudi</span> 
     </span>
     <span class='ocr_line' id='line_1_47' title="bbox 248 3288 1223 3347; baseline 0.003 -16"><span class='ocrx_word' id='word_1_275' title='bbox 248 3289 354 3340; x_wconf 86' lang='lat' dir='ltr'>sunt,</span> <span class='ocrx_word' id='word_1_276' title='bbox 366 3289 511 3344; x_wconf 86' lang='lat' dir='ltr'>quippe</span> <span class='ocrx_word' id='word_1_277' title='bbox 525 3302 574 3331; x_wconf 88' lang='lat' dir='ltr'>ex</span> <span class='ocrx_word' id='word_1_278' title='bbox 589 3288 642 3331; x_wconf 87' lang='lat' dir='ltr'>sui</span> <span class='ocrx_word' id='word_1_279' title='bbox 665 3289 829 3333; x_wconf 77' lang='lat' dir='ltr'>Ordinis</span> <span class='ocrx_word' id='word_1_280' title='bbox 845 3290 1035 3334; x_wconf 74' lang='lat' dir='ltr'>instituto</span> <span class='ocrx_word' id='word_1_281' title='bbox 1051 3305 1223 3347; x_wconf 76' lang='lat' dir='ltr'>pauper—</span> 
     </span>
     <span class='ocr_line' id='line_1_48' title="bbox 248 3347 1218 3400; baseline 0.003 -10"><span class='ocrx_word' id='word_1_282' title='bbox 248 3349 336 3391; x_wconf 87' lang='lat' dir='ltr'>rimi</span> <span class='ocrx_word' id='word_1_283' title='bbox 351 3362 432 3390; x_wconf 93' lang='lat' dir='ltr'>non</span> <span class='ocrx_word' id='word_1_284' title='bbox 451 3347 619 3400; x_wconf 83' lang='lat' dir='ltr'>habent,</span> <span class='ocrx_word' id='word_1_285' title='bbox 646 3347 753 3392; x_wconf 86' lang='lat' dir='ltr'>unde</span> <span class='ocrx_word' id='word_1_286' title='bbox 782 3348 850 3391; x_wconf 88' lang='lat' dir='ltr'>fibi</span> <span class='ocrx_word' id='word_1_287' title='bbox 879 3349 929 3392; x_wconf 84' lang='lat' dir='ltr'>ad</span> <span class='ocrx_word' id='word_1_288' title='bbox 947 3349 1218 3393; x_wconf 75' lang='lat' dir='ltr'>solvendm...</span> 
     </span>
     <span class='ocr_line' id='line_1_49' title="bbox 250 3405 1221 3466; baseline 0.003 -17"><span class='ocrx_word' id='word_1_289' title='bbox 250 3409 407 3461; x_wconf 84' lang='lat' dir='ltr'>pecunia</span> <span class='ocrx_word' id='word_1_290' title='bbox 424 3406 607 3462; x_wconf 83' lang='lat' dir='ltr'>suppetat</span> <span class='ocrx_word' id='word_1_291' title='bbox 627 3435 638 3446; x_wconf 94' lang='lat'>.</span> <span class='ocrx_word' id='word_1_292' title='bbox 653 3410 745 3450; x_wconf 85' lang='lat' dir='ltr'>Hoc</span> <span class='ocrx_word' id='word_1_293' title='bbox 761 3405 849 3450; x_wconf 71' lang='lat' dir='ltr'>latis</span> <span class='ocrx_word' id='word_1_294' title='bbox 865 3405 961 3466; x_wconf 78' lang='lat' dir='ltr'>effet</span> <span class='ocrx_word' id='word_1_295' title='bbox 975 3407 1024 3449; x_wconf 81' lang='lat' dir='ltr'>ad</span> <span class='ocrx_word' id='word_1_296' title='bbox 1040 3421 1221 3452; x_wconf 84' lang='lat' dir='ltr'>commo-</span> 
     </span>
     <span class='ocr_line' id='line_1_50' title="bbox 250 3463 1219 3520; baseline 0.003 -14"><span class='ocrx_word' id='word_1_297' title='bbox 250 3465 418 3506; x_wconf 85' lang='lat' dir='ltr'>vendam</span> <span class='ocrx_word' id='word_1_298' title='bbox 445 3465 621 3520; x_wconf 85' lang='lat' dir='ltr'>generofi</span> <span class='ocrx_word' id='word_1_299' title='bbox 648 3467 770 3509; x_wconf 85' lang='lat' dir='ltr'>animi</span> <span class='ocrx_word' id='word_1_300' title='bbox 801 3466 859 3509; x_wconf 90' lang='lat' dir='ltr'>tui</span> <span class='ocrx_word' id='word_1_301' title='bbox 891 3463 1219 3519; x_wconf 84' lang='lat' dir='ltr'>miserationem,</span> 
     </span>
     <span class='ocr_line' id='line_1_51' title="bbox 253 3523 1220 3581; baseline 0.004 -17"><span class='ocrx_word' id='word_1_302' title='bbox 253 3523 391 3566; x_wconf 75' lang='lat' dir='ltr'>vei-tim</span> <span class='ocrx_word' id='word_1_303' title='bbox 404 3525 439 3565; x_wconf 69' lang='grc' dir='ltr'>ἀ</span> <span class='ocrx_word' id='word_1_304' title='bbox 455 3524 556 3567; x_wconf 89' lang='lat' dir='ltr'>illud</span> <span class='ocrx_word' id='word_1_305' title='bbox 585 3524 772 3574; x_wconf 81' lang='lat' dir='ltr'>additur,</span> <span class='ocrx_word' id='word_1_306' title='bbox 798 3524 901 3581; x_wconf 83' lang='lat' dir='ltr'>ipsos</span> <span class='ocrx_word' id='word_1_307' title='bbox 924 3524 1095 3568; x_wconf 83' lang='lat' dir='ltr'>Patriam</span> <span class='ocrx_word' id='word_1_308' title='bbox 1107 3525 1220 3568; x_wconf 85' lang='lat' dir='ltr'>dese·</span> 
     </span>
     <span class='ocr_line' id='line_1_52' title="bbox 251 3578 1220 3639; baseline 0.005 -18"><span class='ocrx_word' id='word_1_309' title='bbox 251 3578 496 3631; x_wconf 81' lang='lat' dir='ltr'>ruiffe,nu110</span> <span class='ocrx_word' id='word_1_310' title='bbox 511 3597 643 3627; x_wconf 89' lang='lat' dir='ltr'>rerum</span> <span class='ocrx_word' id='word_1_311' title='bbox 666 3586 926 3627; x_wconf 83' lang='lat' dir='ltr'>humanarum</span> <span class='ocrx_word' id='word_1_312' title='bbox 951 3585 1113 3638; x_wconf 85' lang='lat' dir='ltr'>praemio</span> <span class='ocrx_word' id='word_1_313' title='bbox 1127 3598 1220 3639; x_wconf 87' lang='lat' dir='ltr'>pro-</span> 
     </span>
     <span class='ocr_line' id='line_1_53' title="bbox 251 3638 1220 3693; baseline 0.009 -15"><span class='ocrx_word' id='word_1_314' title='bbox 251 3639 406 3693; x_wconf 81' lang='lat' dir='ltr'>posito,</span> <span class='ocrx_word' id='word_1_315' title='bbox 432 3638 497 3682; x_wconf 89' lang='lat' dir='ltr'>sed</span> <span class='ocrx_word' id='word_1_316' title='bbox 511 3641 628 3684; x_wconf 72' lang='lat' dir='ltr'>unice</span> <span class='ocrx_word' id='word_1_317' title='bbox 655 3642 844 3686; x_wconf 84' lang='lat' dir='ltr'>studiosos</span> <span class='ocrx_word' id='word_1_318' title='bbox 861 3644 962 3684; x_wconf 91' lang='lat' dir='ltr'>bene</span> <span class='ocrx_word' id='word_1_319' title='bbox 986 3641 1037 3684; x_wconf 89' lang='lat' dir='ltr'>de</span> <span class='ocrx_word' id='word_1_320' title='bbox 1062 3642 1220 3687; x_wconf 67' lang='lat' dir='ltr'>vestra.»</span> 
     </span>
     <span class='ocr_line' id='line_1_54' title="bbox 253 3699 1222 3752; baseline 0.002 -12"><span class='ocrx_word' id='word_1_321' title='bbox 253 3708 370 3752; x_wconf 86' lang='lat' dir='ltr'>gente</span> <span class='ocrx_word' id='word_1_322' title='bbox 381 3699 564 3741; x_wconf 88' lang='lat' dir='ltr'>merendi</span> <span class='ocrx_word' id='word_1_323' title='bbox 581 3728 595 3750; x_wconf 83' lang='lat'>‚</span> <span class='ocrx_word' id='word_1_324' title='bbox 610 3703 672 3743; x_wconf 87' lang='lat' dir='ltr'>cui</span> <span class='ocrx_word' id='word_1_325' title='bbox 688 3713 844 3744; x_wconf 88' lang='lat' dir='ltr'>certum</span> <span class='ocrx_word' id='word_1_326' title='bbox 869 3701 918 3743; x_wconf 86' lang='lat' dir='ltr'>ad</span> <span class='ocrx_word' id='word_1_327' title='bbox 933 3711 1117 3743; x_wconf 81' lang='lat' dir='ltr'>aeternam</span> <span class='ocrx_word' id='word_1_328' title='bbox 1133 3701 1222 3744; x_wconf 87' lang='lat' dir='ltr'>seli-</span> 
     </span>
     <span class='ocr_line' id='line_1_55' title="bbox 256 3756 1221 3816; baseline 0.003 -19"><span class='ocrx_word' id='word_1_329' title='bbox 256 3756 419 3799; x_wconf 77' lang='lat' dir='ltr'>citatem</span> <span class='ocrx_word' id='word_1_330' title='bbox 436 3759 514 3800; x_wconf 88' lang='lat' dir='ltr'>iter</span> <span class='ocrx_word' id='word_1_331' title='bbox 528 3758 746 3804; x_wconf 83' lang='lat' dir='ltr'>monstrare</span> <span class='ocrx_word' id='word_1_332' title='bbox 763 3760 928 3816; x_wconf 87' lang='lat' dir='ltr'>cupidi,</span> <span class='ocrx_word' id='word_1_333' title='bbox 957 3759 994 3802; x_wconf 88' lang='lat' dir='ltr'>se</span> <span class='ocrx_word' id='word_1_334' title='bbox 1014 3761 1104 3802; x_wconf 79' lang='lat' dir='ltr'>idco</span> <span class='ocrx_word' id='word_1_335' title='bbox 1121 3760 1221 3814; x_wconf 87' lang='lat' dir='ltr'>peri·</span> 
     </span>
    </p>
   </div>
   <div class='ocr_carea' id='block_1_9' title="bbox 2034 205 2205 282">
    <p class='ocr_par' dir='ltr' id='par_1_10' title="bbox 2034 205 2205 282">
     <span class='ocr_line' id='line_1_56' title="bbox 2034 205 2205 282; baseline 0 0"><span class='ocrx_word' id='word_1_336' title='bbox 2034 205 2205 282; x_wconf 82' lang='lat'>247</span> 
     </span>
    </p>
   </div>
   <div class='ocr_carea' id='block_1_10' title="bbox 1283 300 2276 1942">
    <p class='ocr_par' dir='ltr' id='par_1_11' title="bbox 1283 300 2276 1889">
     <span class='ocr_line' id='line_1_57' title="bbox 1287 300 2264 372; baseline 0.013 -28"><span class='ocrx_word' id='word_1_337' title='bbox 1287 301 1388 344; x_wconf 87' lang='lat' dir='ltr'>culis</span> <span class='ocrx_word' id='word_1_338' title='bbox 1409 300 1610 348; x_wconf 82' lang='lat' dir='ltr'>offerunt,</span> <span class='ocrx_word' id='word_1_339' title='bbox 1634 317 1707 344; x_wconf 90' lang='lat' dir='ltr'>nec</span> <span class='ocrx_word' id='word_1_340' title='bbox 1734 316 1901 357; x_wconf 87' lang='lat' dir='ltr'>parcunt</span> <span class='ocrx_word' id='word_1_341' title='bbox 1918 310 2046 354; x_wconf 87' lang='lat' dir='ltr'>labori</span> <span class='ocrx_word' id='word_1_342' title='bbox 2059 316 2151 357; x_wconf 88' lang='lat' dir='ltr'>suo:</span> <span class='ocrx_word' id='word_1_343' title='bbox 2184 316 2264 372; x_wconf 62' lang='lat' dir='ltr'>qua</span> 
     </span>
     <span class='ocr_line' id='line_1_58' title="bbox 1286 360 2268 419; baseline 0.009 -17"><span class='ocrx_word' id='word_1_344' title='bbox 1286 360 1486 403; x_wconf 86' lang='lat' dir='ltr'>charitate</span> <span class='ocrx_word' id='word_1_345' title='bbox 1517 360 1614 402; x_wconf 87' lang='lat' dir='ltr'>nihil</span> <span class='ocrx_word' id='word_1_346' title='bbox 1648 361 1817 403; x_wconf 79' lang='lat' dir='ltr'>validius</span> <span class='ocrx_word' id='word_1_347' title='bbox 1846 364 1892 404; x_wconf 90' lang='lat' dir='ltr'>ad</span> <span class='ocrx_word' id='word_1_348' title='bbox 1921 372 2268 419; x_wconf 54' lang='lat' dir='ltr'>compar-andan„</span> 
     </span>
     <span class='ocr_line' id='line_1_59' title="bbox 1290 418 2268 478; baseline 0.005 -16"><span class='ocrx_word' id='word_1_349' title='bbox 1290 418 1535 475; x_wconf 85' lang='lat' dir='ltr'>magnanimi</span> <span class='ocrx_word' id='word_1_350' title='bbox 1552 418 1754 473; x_wconf 84' lang='lat' dir='ltr'>Principis</span> <span class='ocrx_word' id='word_1_351' title='bbox 1774 420 1938 474; x_wconf 86' lang='lat' dir='ltr'>gratiam</span> <span class='ocrx_word' id='word_1_352' title='bbox 1954 448 1966 460; x_wconf 92' lang='lat'><strong>.</strong></span> <span class='ocrx_word' id='word_1_353' title='bbox 1997 427 2143 478; x_wconf 82' lang='lat' dir='ltr'>Quod,</span> <span class='ocrx_word' id='word_1_354' title='bbox 2169 429 2195 467; x_wconf 85' lang='lat' dir='ltr'>fi</span> <span class='ocrx_word' id='word_1_355' title='bbox 2217 430 2268 470; x_wconf 84' lang='lat' dir='ltr'>ad</span> 
     </span>
     <span class='ocr_line' id='line_1_60' title="bbox 1287 477 2268 532; baseline 0.005 -12"><span class='ocrx_word' id='word_1_356' title='bbox 1287 478 1399 524; x_wconf 82' lang='lat' dir='ltr'>illius</span> <span class='ocrx_word' id='word_1_357' title='bbox 1420 477 1644 521; x_wconf 76' lang='lat' dir='ltr'>Provincia:</span> <span class='ocrx_word' id='word_1_358' title='bbox 1658 477 1882 532; x_wconf 77' lang='lat' dir='ltr'>Populares</span> <span class='ocrx_word' id='word_1_359' title='bbox 1909 479 2025 520; x_wconf 88' lang='lat' dir='ltr'>nullo</span> <span class='ocrx_word' id='word_1_360' title='bbox 2045 483 2268 525; x_wconf 83' lang='lat' dir='ltr'>discrimine</span> 
     </span>
     <span class='ocr_line' id='line_1_61' title="bbox 1286 535 2275 591; baseline 0.001 -10"><span class='ocrx_word' id='word_1_361' title='bbox 1286 535 1816 587; x_wconf 70' lang='lat' dir='ltr'>mul&amp;andos,occafionem</span> <span class='ocrx_word' id='word_1_362' title='bbox 1833 537 1995 591; x_wconf 76' lang='lat' dir='ltr'>praebuit</span> <span class='ocrx_word' id='word_1_363' title='bbox 2013 536 2113 577; x_wconf 67' lang='lat' dir='ltr'>faeta</span> <span class='ocrx_word' id='word_1_364' title='bbox 2134 542 2187 581; x_wconf 86' lang='lat' dir='ltr'>ibi</span> <span class='ocrx_word' id='word_1_365' title='bbox 2201 543 2275 583; x_wconf 74' lang='lat' dir='ltr'>ad-</span> 
     </span>
     <span class='ocr_line' id='line_1_62' title="bbox 1289 592 2272 650; baseline -0.002 -12"><span class='ocrx_word' id='word_1_366' title='bbox 1289 596 1423 638; x_wconf 82' lang='lat' dir='ltr'>versus</span> <span class='ocrx_word' id='word_1_367' title='bbox 1447 595 1508 636; x_wconf 84' lang='lat' dir='ltr'>Te</span> <span class='ocrx_word' id='word_1_368' title='bbox 1527 592 1759 650; x_wconf 87' lang='lat' dir='ltr'>conjuratio</span> <span class='ocrx_word' id='word_1_369' title='bbox 1776 623 1789 647; x_wconf 90' lang='lat'>‚</span> <span class='ocrx_word' id='word_1_370' title='bbox 1814 596 1908 638; x_wconf 85' lang='lat' dir='ltr'>hinc</span> <span class='ocrx_word' id='word_1_371' title='bbox 1938 595 2119 649; x_wconf 67' lang='lat' dir='ltr'>profeeio</span> <span class='ocrx_word' id='word_1_372' title='bbox 2150 597 2272 649; x_wconf 78' lang='lat' dir='ltr'>major</span> 
     </span>
     <span class='ocr_line' id='line_1_63' title="bbox 1287 652 2276 702; baseline -0.005 -2"><span class='ocrx_word' id='word_1_373' title='bbox 1287 655 1419 700; x_wconf 85' lang='lat' dir='ltr'>Nobis</span> <span class='ocrx_word' id='word_1_374' title='bbox 1432 654 1540 698; x_wconf 80' lang='lat' dir='ltr'>adest</span> <span class='ocrx_word' id='word_1_375' title='bbox 1554 652 1699 697; x_wconf 80' lang='lat' dir='ltr'>fiducia</span> <span class='ocrx_word' id='word_1_376' title='bbox 1714 680 1729 702; x_wconf 84' lang='lat'><strong>‚</strong></span> <span class='ocrx_word' id='word_1_377' title='bbox 1745 654 2040 698; x_wconf 86' lang='lat' dir='ltr'>Celfitudinem</span> <span class='ocrx_word' id='word_1_378' title='bbox 2069 655 2198 696; x_wconf 86' lang='lat' dir='ltr'>Tuam</span> <span class='ocrx_word' id='word_1_379' title='bbox 2225 655 2276 695; x_wconf 82' lang='lat' dir='ltr'>li-</span> 
     </span>
     <span class='ocr_line' id='line_1_64' title="bbox 1289 710 2273 766; baseline -0.003 -9"><span class='ocrx_word' id='word_1_380' title='bbox 1289 715 1431 759; x_wconf 91' lang='lat' dir='ltr'>benter</span> <span class='ocrx_word' id='word_1_381' title='bbox 1446 710 1687 756; x_wconf 79' lang='lat' dir='ltr'>remiffuram</span> <span class='ocrx_word' id='word_1_382' title='bbox 1720 714 1861 757; x_wconf 83' lang='lat' dir='ltr'>iisdem</span> <span class='ocrx_word' id='word_1_383' title='bbox 1878 713 2098 766; x_wconf 84' lang='lat' dir='ltr'>Capucinis</span> <span class='ocrx_word' id='word_1_384' title='bbox 2125 712 2273 754; x_wconf 77' lang='lat' dir='ltr'>Mimo-</span> 
     </span>
     <span class='ocr_line' id='line_1_65' title="bbox 1289 771 2272 828; baseline -0.005 -11"><span class='ocrx_word' id='word_1_385' title='bbox 1289 774 1411 818; x_wconf 86' lang='lat' dir='ltr'>nariis</span> <span class='ocrx_word' id='word_1_386' title='bbox 1425 771 1596 828; x_wconf 65' lang='lat' dir='ltr'>vectigal</span> <span class='ocrx_word' id='word_1_387' title='bbox 1617 771 1663 816; x_wconf 58' lang='lat' dir='ltr'>ei</span> <span class='ocrx_word' id='word_1_388' title='bbox 1680 771 1733 815; x_wconf 88' lang='lat' dir='ltr'>de</span> <span class='ocrx_word' id='word_1_389' title='bbox 1751 771 1867 818; x_wconf 84' lang='lat' dir='ltr'>causa</span> <span class='ocrx_word' id='word_1_390' title='bbox 1880 771 2110 826; x_wconf 86' lang='lat' dir='ltr'>impositum</span> <span class='ocrx_word' id='word_1_391' title='bbox 2124 797 2139 820; x_wconf 79' lang='lat'>‚</span> <span class='ocrx_word' id='word_1_392' title='bbox 2170 785 2272 828; x_wconf 84' lang='lat' dir='ltr'>quos</span> 
     </span>
     <span class='ocr_line' id='line_1_66' title="bbox 1289 831 2272 888; baseline -0.006 -11"><span class='ocrx_word' id='word_1_393' title='bbox 1289 831 1519 888; x_wconf 79' lang='lat' dir='ltr'>huiusmodi</span> <span class='ocrx_word' id='word_1_394' title='bbox 1547 831 1837 888; x_wconf 83' lang='lat' dir='ltr'>conjurationis</span> <span class='ocrx_word' id='word_1_395' title='bbox 1866 831 2020 874; x_wconf 85' lang='lat' dir='ltr'>scelere</span> <span class='ocrx_word' id='word_1_396' title='bbox 2046 831 2083 874; x_wconf 89' lang='lat' dir='ltr'>se</span> <span class='ocrx_word' id='word_1_397' title='bbox 2097 831 2272 874; x_wconf 85' lang='lat' dir='ltr'>obstrin-</span> 
     </span>
     <span class='ocr_line' id='line_1_67' title="bbox 1287 890 2275 948; baseline -0.006 -12"><span class='ocrx_word' id='word_1_398' title='bbox 1287 892 1382 936; x_wconf 77' lang='lat' dir='ltr'>xitre</span> <span class='ocrx_word' id='word_1_399' title='bbox 1397 891 1578 948; x_wconf 81' lang='lat' dir='ltr'>reputari</span> <span class='ocrx_word' id='word_1_400' title='bbox 1590 892 1754 947; x_wconf 82' lang='lat' dir='ltr'>nequit,</span> <span class='ocrx_word' id='word_1_401' title='bbox 1781 892 1831 933; x_wconf 87' lang='lat' dir='ltr'>ab</span> <span class='ocrx_word' id='word_1_402' title='bbox 1847 890 1913 933; x_wconf 85' lang='lat' dir='ltr'>sua</span> <span class='ocrx_word' id='word_1_403' title='bbox 1934 890 2153 946; x_wconf 86' lang='lat' dir='ltr'>Religione</span> <span class='ocrx_word' id='word_1_404' title='bbox 2168 890 2275 931; x_wconf 84' lang='lat' dir='ltr'>seve·</span> 
     </span>
     <span class='ocr_line' id='line_1_68' title="bbox 1289 949 2276 1005; baseline -0.006 -9"><span class='ocrx_word' id='word_1_405' title='bbox 1289 954 1334 996; x_wconf 60' lang='lat' dir='ltr'>rb.</span> <span class='ocrx_word' id='word_1_406' title='bbox 1349 953 1389 994; x_wconf 70' lang='lat' dir='ltr'>Bt</span> <span class='ocrx_word' id='word_1_407' title='bbox 1402 949 1568 1004; x_wconf 83' lang='lat' dir='ltr'>capitali</span> <span class='ocrx_word' id='word_1_408' title='bbox 1596 962 1717 1005; x_wconf 84' lang='lat' dir='ltr'>poena</span> <span class='ocrx_word' id='word_1_409' title='bbox 1753 951 1980 1005; x_wconf 80' lang='lat' dir='ltr'>prohibitos</span> <span class='ocrx_word' id='word_1_410' title='bbox 1999 950 2106 1004; x_wconf 84' lang='lat' dir='ltr'>Regi</span> <span class='ocrx_word' id='word_1_411' title='bbox 2133 950 2173 991; x_wconf 87' lang='lat'>&amp;</span> <span class='ocrx_word' id='word_1_412' title='bbox 2193 951 2276 990; x_wconf 87' lang='lat' dir='ltr'>cui-</span> 
     </span>
     <span class='ocr_line' id='line_1_69' title="bbox 1287 1005 2273 1067; baseline -0.007 -13"><span class='ocrx_word' id='word_1_413' title='bbox 1287 1022 1457 1067; x_wconf 88' lang='lat' dir='ltr'>cumque</span> <span class='ocrx_word' id='word_1_414' title='bbox 1475 1008 1652 1051; x_wconf 69' lang='lat' dir='ltr'>Dommo</span> <span class='ocrx_word' id='word_1_415' title='bbox 1675 1005 1784 1050; x_wconf 89' lang='lat' dir='ltr'>suam</span> <span class='ocrx_word' id='word_1_416' title='bbox 1808 1010 2006 1067; x_wconf 86' lang='lat' dir='ltr'>abrogare</span> <span class='ocrx_word' id='word_1_417' title='bbox 2030 1007 2178 1051; x_wconf 86' lang='lat' dir='ltr'>fidem.</span> <span class='ocrx_word' id='word_1_418' title='bbox 2205 1006 2273 1048; x_wconf 80' lang='lat' dir='ltr'>Ad</span> 
     </span>
     <span class='ocr_line' id='line_1_70' title="bbox 1288 1066 2276 1122; baseline -0.006 -9"><span class='ocrx_word' id='word_1_419' title='bbox 1288 1072 1371 1113; x_wconf 77' lang='lat' dir='ltr'>haec</span> <span class='ocrx_word' id='word_1_420' title='bbox 1388 1069 1411 1111; x_wconf 83' lang='lat' dir='ltr'>si</span> <span class='ocrx_word' id='word_1_421' title='bbox 1427 1067 1649 1122; x_wconf 86' lang='lat' dir='ltr'>diligenter</span> <span class='ocrx_word' id='word_1_422' title='bbox 1664 1066 1825 1119; x_wconf 76' lang='lat' dir='ltr'>adjicias</span> <span class='ocrx_word' id='word_1_423' title='bbox 1838 1069 2016 1111; x_wconf 85' lang='lat' dir='ltr'>animum</span> <span class='ocrx_word' id='word_1_424' title='bbox 2033 1094 2048 1119; x_wconf 86' lang='lat'><strong>,</strong></span> <span class='ocrx_word' id='word_1_425' title='bbox 2060 1081 2140 1109; x_wconf 92' lang='lat' dir='ltr'>non</span> <span class='ocrx_word' id='word_1_426' title='bbox 2154 1066 2276 1108; x_wconf 88' lang='lat' dir='ltr'>dubi-</span> 
     </span>
     <span class='ocr_line' id='line_1_71' title="bbox 1289 1124 2273 1182; baseline -0.004 -10"><span class='ocrx_word' id='word_1_427' title='bbox 1289 1139 1443 1174; x_wconf 80' lang='lat' dir='ltr'>tamus,</span> <span class='ocrx_word' id='word_1_428' title='bbox 1457 1127 1554 1180; x_wconf 89' lang='lat' dir='ltr'>quin</span> <span class='ocrx_word' id='word_1_429' title='bbox 1576 1126 1770 1168; x_wconf 78' lang='lat' dir='ltr'>benevole</span> <span class='ocrx_word' id='word_1_430' title='bbox 1785 1127 2017 1182; x_wconf 85' lang='lat' dir='ltr'>Capucinos</span> <span class='ocrx_word' id='word_1_431' title='bbox 2053 1124 2157 1181; x_wconf 87' lang='lat' dir='ltr'>ipsos</span> <span class='ocrx_word' id='word_1_432' title='bbox 2172 1153 2188 1178; x_wconf 85' lang='lat'>,</span> <span class='ocrx_word' id='word_1_433' title='bbox 2202 1138 2273 1168; x_wconf 87' lang='lat' dir='ltr'>co-</span> 
     </span>
     <span class='ocr_line' id='line_1_72' title="bbox 1287 1183 2271 1241; baseline -0.006 -11"><span class='ocrx_word' id='word_1_434' title='bbox 1287 1198 1459 1241; x_wconf 88' lang='lat' dir='ltr'>rumque</span> <span class='ocrx_word' id='word_1_435' title='bbox 1482 1184 1669 1238; x_wconf 85' lang='lat' dir='ltr'>Hospitia</span> <span class='ocrx_word' id='word_1_436' title='bbox 1682 1209 1696 1231; x_wconf 88' lang='lat'>‚</span> <span class='ocrx_word' id='word_1_437' title='bbox 1710 1198 1794 1239; x_wconf 77' lang='lat' dir='ltr'>quat</span> <span class='ocrx_word' id='word_1_438' title='bbox 1807 1186 1951 1228; x_wconf 88' lang='lat' dir='ltr'>habent</span> <span class='ocrx_word' id='word_1_439' title='bbox 1969 1185 2115 1234; x_wconf 82' lang='lat' dir='ltr'>Teflis‚</span> <span class='ocrx_word' id='word_1_440' title='bbox 2138 1183 2271 1238; x_wconf 75' lang='lat' dir='ltr'>Gpri,</span> 
     </span>
     <span class='ocr_line' id='line_1_73' title="bbox 1285 1242 2270 1298; baseline -0.002 -10"><span class='ocrx_word' id='word_1_441' title='bbox 1285 1247 1326 1288; x_wconf 74' lang='grc' dir='ltr'>δι</span> <span class='ocrx_word' id='word_1_442' title='bbox 1353 1242 1516 1298; x_wconf 83' lang='lat' dir='ltr'>Gangiae</span> <span class='ocrx_word' id='word_1_443' title='bbox 1539 1268 1551 1291; x_wconf 83' lang='lat'>‚</span> <span class='ocrx_word' id='word_1_444' title='bbox 1589 1242 1699 1282; x_wconf 89' lang='lat' dir='ltr'>omni</span> <span class='ocrx_word' id='word_1_445' title='bbox 1722 1255 1846 1284; x_wconf 88' lang='lat' dir='ltr'>onere</span> <span class='ocrx_word' id='word_1_446' title='bbox 1876 1243 2001 1286; x_wconf 84' lang='lat' dir='ltr'>soluta</span> <span class='ocrx_word' id='word_1_447' title='bbox 2029 1257 2074 1285; x_wconf 87' lang='lat' dir='ltr'>ac</span> <span class='ocrx_word' id='word_1_448' title='bbox 2107 1242 2270 1286; x_wconf 71' lang='lat' dir='ltr'>libera..</span> 
     </span>
     <span class='ocr_line' id='line_1_74' title="bbox 1289 1298 2274 1355; baseline -0.003 -9"><span class='ocrx_word' id='word_1_449' title='bbox 1289 1303 1335 1348; x_wconf 78' lang='lat' dir='ltr'>fis</span> <span class='ocrx_word' id='word_1_450' title='bbox 1351 1298 1590 1343; x_wconf 64' lang='lat' dir='ltr'>diminutus.</span> <span class='ocrx_word' id='word_1_451' title='bbox 1604 1301 1703 1355; x_wconf 91' lang='lat' dir='ltr'>Quo</span> <span class='ocrx_word' id='word_1_452' title='bbox 1715 1301 1880 1354; x_wconf 87' lang='lat' dir='ltr'>quidem</span> <span class='ocrx_word' id='word_1_453' title='bbox 1894 1301 2049 1343; x_wconf 78' lang='lat' dir='ltr'>collato</span> <span class='ocrx_word' id='word_1_454' title='bbox 2061 1302 2099 1342; x_wconf 88' lang='lat' dir='ltr'>in</span> <span class='ocrx_word' id='word_1_455' title='bbox 2116 1316 2183 1346; x_wconf 91' lang='lat' dir='ltr'>eos</span> <span class='ocrx_word' id='word_1_456' title='bbox 2201 1303 2274 1343; x_wconf 82' lang='lat' dir='ltr'>be·</span> 
     </span>
     <span class='ocr_line' id='line_1_75' title="bbox 1289 1358 2274 1414; baseline -0.008 -8"><span class='ocrx_word' id='word_1_457' title='bbox 1289 1358 1675 1412; x_wconf 81' lang='lat' dir='ltr'>nefieio,obligabis</span> <span class='ocrx_word' id='word_1_458' title='bbox 1691 1358 1783 1400; x_wconf 86' lang='lat' dir='ltr'>Tibi</span> <span class='ocrx_word' id='word_1_459' title='bbox 1806 1359 1961 1414; x_wconf 88' lang='lat' dir='ltr'>penitus</span> <span class='ocrx_word' id='word_1_460' title='bbox 1990 1358 2166 1400; x_wconf 89' lang='lat' dir='ltr'>animum</span> <span class='ocrx_word' id='word_1_461' title='bbox 2194 1372 2274 1400; x_wconf 79' lang='lat' dir='ltr'>no·</span> 
     </span>
     <span class='ocr_line' id='line_1_76' title="bbox 1287 1414 2272 1472; baseline -0.005 -9"><span class='ocrx_word' id='word_1_462' title='bbox 1287 1421 1407 1467; x_wconf 82' lang='lat' dir='ltr'>strum</span> <span class='ocrx_word' id='word_1_463' title='bbox 1421 1445 1436 1470; x_wconf 85' lang='lat'>‚</span> <span class='ocrx_word' id='word_1_464' title='bbox 1451 1419 1491 1461; x_wconf 69' lang='grc' dir='ltr'><strong>ἅ</strong></span> <span class='ocrx_word' id='word_1_465' title='bbox 1507 1416 1605 1459; x_wconf 85' lang='lat' dir='ltr'>nihil</span> <span class='ocrx_word' id='word_1_466' title='bbox 1625 1414 1803 1472; x_wconf 84' lang='lat' dir='ltr'>perficies</span> <span class='ocrx_word' id='word_1_467' title='bbox 1816 1445 1830 1468; x_wconf 89' lang='lat'>‚</span> <span class='ocrx_word' id='word_1_468' title='bbox 1861 1417 1969 1460; x_wconf 90' lang='lat' dir='ltr'>unde</span> <span class='ocrx_word' id='word_1_469' title='bbox 1985 1418 2127 1459; x_wconf 83' lang='lat' dir='ltr'>melius</span> <span class='ocrx_word' id='word_1_470' title='bbox 2142 1417 2272 1459; x_wconf 82' lang='lat' dir='ltr'>nostra</span> 
     </span>
     <span class='ocr_line' id='line_1_77' title="bbox 1287 1474 2264 1535; baseline -0.005 -13"><span class='ocrx_word' id='word_1_471' title='bbox 1287 1481 1341 1522; x_wconf 82' lang='lat' dir='ltr'>de</span> <span class='ocrx_word' id='word_1_472' title='bbox 1357 1477 1484 1535; x_wconf 81' lang='lat' dir='ltr'>Regia</span> <span class='ocrx_word' id='word_1_473' title='bbox 1502 1488 1569 1520; x_wconf 88' lang='lat' dir='ltr'>tua</span> <span class='ocrx_word' id='word_1_474' title='bbox 1583 1474 1846 1518; x_wconf 85' lang='lat' dir='ltr'>beneficentia</span> <span class='ocrx_word' id='word_1_475' title='bbox 1868 1475 2008 1531; x_wconf 81' lang='lat' dir='ltr'>opinio</span> <span class='ocrx_word' id='word_1_476' title='bbox 2034 1475 2264 1519; x_wconf 80' lang='lat' dir='ltr'>confirmari</span> 
     </span>
     <span class='ocr_line' id='line_1_78' title="bbox 1285 1533 2270 1595; baseline -0.004 -15"><span class='ocrx_word' id='word_1_477' title='bbox 1285 1548 1407 1595; x_wconf 86' lang='lat' dir='ltr'>queat</span> <span class='ocrx_word' id='word_1_478' title='bbox 1422 1564 1433 1577; x_wconf 88' lang='lat'><strong>.</strong></span> <span class='ocrx_word' id='word_1_479' title='bbox 1449 1539 1542 1593; x_wconf 82' lang='lat' dir='ltr'>Qa</span> <span class='ocrx_word' id='word_1_480' title='bbox 1558 1535 1609 1575; x_wconf 90' lang='lat' dir='ltr'>de</span> <span class='ocrx_word' id='word_1_481' title='bbox 1627 1549 1672 1576; x_wconf 86' lang='lat' dir='ltr'>re</span> <span class='ocrx_word' id='word_1_482' title='bbox 1686 1533 1982 1577; x_wconf 85' lang='lat' dir='ltr'>Cclfitudinem</span> <span class='ocrx_word' id='word_1_483' title='bbox 2002 1536 2129 1578; x_wconf 84' lang='lat' dir='ltr'>Tuam</span> <span class='ocrx_word' id='word_1_484' title='bbox 2146 1536 2270 1576; x_wconf 91' lang='lat' dir='ltr'>etiam</span> 
     </span>
     <span class='ocr_line' id='line_1_79' title="bbox 1285 1592 2274 1650; baseline -0.004 -12"><span class='ocrx_word' id='word_1_485' title='bbox 1285 1606 1406 1650; x_wconf 84' lang='lat' dir='ltr'>atque</span> <span class='ocrx_word' id='word_1_486' title='bbox 1433 1595 1557 1635; x_wconf 84' lang='lat' dir='ltr'>etiam</span> <span class='ocrx_word' id='word_1_487' title='bbox 1581 1592 1864 1638; x_wconf 76' lang='lat' dir='ltr'>obsecramus,</span> <span class='ocrx_word' id='word_1_488' title='bbox 1894 1593 2274 1649; x_wconf 66' lang='lat' dir='ltr'>obtestanturque-..t</span> 
     </span>
     <span class='ocr_line' id='line_1_80' title="bbox 1286 1650 2274 1707; baseline -0.005 -11"><span class='ocrx_word' id='word_1_489' title='bbox 1286 1657 1418 1699; x_wconf 90' lang='lat' dir='ltr'>Deum</span> <span class='ocrx_word' id='word_1_490' title='bbox 1438 1650 1650 1707; x_wconf 88' lang='lat' dir='ltr'>Optimum</span> <span class='ocrx_word' id='word_1_491' title='bbox 1666 1651 1889 1693; x_wconf 80' lang='lat' dir='ltr'>Maximum</span> <span class='ocrx_word' id='word_1_492' title='bbox 1903 1680 1917 1702; x_wconf 87' lang='lat'><strong>,</strong></span> <span class='ocrx_word' id='word_1_493' title='bbox 1953 1662 1995 1691; x_wconf 88' lang='lat' dir='ltr'>ut</span> <span class='ocrx_word' id='word_1_494' title='bbox 2013 1652 2049 1691; x_wconf 89' lang='lat' dir='ltr'>in</span> <span class='ocrx_word' id='word_1_495' title='bbox 2066 1653 2195 1693; x_wconf 86' lang='lat' dir='ltr'>vicem</span> <span class='ocrx_word' id='word_1_496' title='bbox 2214 1652 2274 1692; x_wconf 78' lang='lat' dir='ltr'>Te</span> 
     </span>
     <span class='ocr_line' id='line_1_81' title="bbox 1283 1708 2272 1770; baseline -0.006 -14"><span class='ocrx_word' id='word_1_497' title='bbox 1283 1710 1471 1770; x_wconf 85' lang='lat' dir='ltr'>quotidie</span> <span class='ocrx_word' id='word_1_498' title='bbox 1503 1721 1626 1764; x_wconf 73' lang='lat' dir='ltr'>magis</span> <span class='ocrx_word' id='word_1_499' title='bbox 1659 1709 1832 1751; x_wconf 69' lang='lat' dir='ltr'>victorie</span> <span class='ocrx_word' id='word_1_500' title='bbox 1865 1719 2101 1763; x_wconf 86' lang='lat' dir='ltr'>compotem</span> <span class='ocrx_word' id='word_1_501' title='bbox 2130 1708 2272 1752; x_wconf 85' lang='lat' dir='ltr'>reddat</span> 
     </span>
     <span class='ocr_line' id='line_1_82' title="bbox 1285 1767 2272 1817; baseline -0.001 -6"><span class='ocrx_word' id='word_1_502' title='bbox 1285 1769 1473 1816; x_wconf 67' lang='lat' dir='ltr'>adversus</span> <span class='ocrx_word' id='word_1_503' title='bbox 1485 1781 1745 1811; x_wconf 82' lang='lat' dir='ltr'>communem</span> <span class='ocrx_word' id='word_1_504' title='bbox 1768 1767 1921 1812; x_wconf 76' lang='lat' dir='ltr'>hostem</span> <span class='ocrx_word' id='word_1_505' title='bbox 1936 1795 1951 1817; x_wconf 85' lang='lat'>,</span> <span class='ocrx_word' id='word_1_506' title='bbox 1970 1767 2175 1811; x_wconf 81' lang='lat' dir='ltr'>&amp;lumine</span> <span class='ocrx_word' id='word_1_507' title='bbox 2200 1767 2272 1810; x_wconf 78' lang='lat' dir='ltr'>suoe</span> 
     </span>
     <span class='ocr_line' id='line_1_83' title="bbox 1283 1824 2270 1889; baseline -0.004 -16"><span class='ocrx_word' id='word_1_508' title='bbox 1283 1831 1421 1889; x_wconf 79' lang='lat' dir='ltr'>gratiae</span> <span class='ocrx_word' id='word_1_509' title='bbox 1437 1824 1748 1882; x_wconf 84' lang='lat' dir='ltr'>prosperamque</span> <span class='ocrx_word' id='word_1_510' title='bbox 1765 1826 2031 1870; x_wconf 80' lang='lat' dir='ltr'>valitudinem</span> <span class='ocrx_word' id='word_1_511' title='bbox 2045 1827 2270 1884; x_wconf 81' lang='lat' dir='ltr'>impertiat.</span> 
     </span>
    </p>

    <p class='ocr_par' dir='ltr' id='par_1_12' title="bbox 1399 1885 2269 1942">
     <span class='ocr_line' id='line_1_84' title="bbox 1399 1885 2269 1942; baseline 0.003 -14"><span class='ocrx_word' id='word_1_512' title='bbox 1399 1887 1548 1928; x_wconf 68' lang='lat' dir='ltr'>Datum</span> <span class='ocrx_word' id='word_1_513' title='bbox 1569 1887 1709 1929; x_wconf 79' lang='lat' dir='ltr'>Romae</span> <span class='ocrx_word' id='word_1_514' title='bbox 1724 1885 1801 1928; x_wconf 73' lang='grc' dir='ltr'>διο.</span> <span class='ocrx_word' id='word_1_515' title='bbox 1818 1885 1885 1931; x_wconf 86' lang='lat' dir='ltr'>die</span> <span class='ocrx_word' id='word_1_516' title='bbox 1899 1886 2102 1942; x_wconf 78' lang='lat' dir='ltr'>xxx.Junii</span> <span class='ocrx_word' id='word_1_517' title='bbox 2118 1900 2269 1931; x_wconf 70' lang='lat' dir='ltr'>uncc-</span> 
     </span>
    </p>
   </div>
   <div class='ocr_carea' id='block_1_11' title="bbox 1283 1959 1408 1992">
    <p class='ocr_par' dir='ltr' id='par_1_13' title="bbox 1283 1959 1408 1992">
     <span class='ocr_line' id='line_1_85' title="bbox 1283 1959 1408 1992; baseline -0.04 0"><span class='ocrx_word' id='word_1_518' title='bbox 1283 1960 1356 1992; x_wconf 70' lang='lat' dir='ltr'>XL!</span> <span class='ocrx_word' id='word_1_519' title='bbox 1374 1959 1408 1988; x_wconf 82' lang='lat' dir='ltr'>t.</span> 
     </span>
    </p>
   </div>
   <div class='ocr_carea' id='block_1_12' title="bbox 1343 2060 2270 2177">
    <p class='ocr_par' dir='ltr' id='par_1_14' title="bbox 1343 2060 2270 2177">
     <span class='ocr_line' id='line_1_86' title="bbox 1343 2060 2270 2117; baseline -0.004 -15"><span class='ocrx_word' id='word_1_520' title='bbox 1343 2062 1517 2117; x_wconf 79' lang='lat' dir='ltr'>Exempl.</span> <span class='ocrx_word' id='word_1_521' title='bbox 1543 2063 1588 2102; x_wconf 82' lang='lat' dir='ltr'>in</span> <span class='ocrx_word' id='word_1_522' title='bbox 1617 2060 1738 2104; x_wconf 76' lang='lat' dir='ltr'>Arcb.</span> <span class='ocrx_word' id='word_1_523' title='bbox 1758 2064 1899 2106; x_wconf 80' lang='lat' dir='ltr'>Gener.</span> <span class='ocrx_word' id='word_1_524' title='bbox 1919 2062 2012 2105; x_wconf 85' lang='lat' dir='ltr'>ord.</span> <span class='ocrx_word' id='word_1_525' title='bbox 2043 2063 2154 2104; x_wconf 82' lang='lat' dir='ltr'>Arm.</span> <span class='ocrx_word' id='word_1_526' title='bbox 2171 2061 2270 2106; x_wconf 84' lang='lat' dir='ltr'>Mis-</span> 
     </span>
     <span class='ocr_line' id='line_1_87' title="bbox 1401 2119 1688 2177; baseline 0 -16"><span class='ocrx_word' id='word_1_527' title='bbox 1401 2119 1457 2163; x_wconf 85' lang='lat' dir='ltr'>fio</span> <span class='ocrx_word' id='word_1_528' title='bbox 1477 2119 1662 2177; x_wconf 77' lang='lat' dir='ltr'>Georgiae</span> <span class='ocrx_word' id='word_1_529' title='bbox 1674 2147 1688 2161; x_wconf 84' lang='lat'><strong>.</strong></span> 
     </span>
    </p>
   </div>
   <div class='ocr_carea' id='block_1_13' title="bbox 1516 2254 1664 2267">
    <p class='ocr_par' dir='ltr' id='par_1_15' title="bbox 1516 2254 1664 2267">
     <span class='ocr_line' id='line_1_88' title="bbox 1516 2254 1664 2267; baseline 0 0"><span class='ocrx_word' id='word_1_530' title='bbox 1516 2254 1664 2267; x_wconf 95' lang='lat' dir='ltr'> </span> 
     </span>
    </p>
   </div>
   <div class='ocr_carea' id='block_1_14' title="bbox 1919 2254 2268 2268">
    <p class='ocr_par' dir='ltr' id='par_1_16' title="bbox 1919 2254 2268 2268">
     <span class='ocr_line' id='line_1_89' title="bbox 1919 2254 2268 2268; baseline 0 0"><span class='ocrx_word' id='word_1_531' title='bbox 1919 2254 2268 2268; x_wconf 95' lang='lat' dir='ltr'> </span> 
     </span>
    </p>
   </div>
   <div class='ocr_carea' id='block_1_15' title="bbox 1289 2254 1916 2271">
    <p class='ocr_par' dir='ltr' id='par_1_17' title="bbox 1289 2254 1916 2271">
     <span class='ocr_line' id='line_1_90' title="bbox 1289 2254 1916 2271; baseline -0.003 -2"><span class='ocrx_word' id='word_1_532' title='bbox 1289 2254 1513 2270; x_wconf 85' lang='lat'>——</span> <span class='ocrx_word' id='word_1_533' title='bbox 1665 2254 1916 2271; x_wconf 71' lang='lat'>.——=</span> 
     </span>
    </p>
   </div>
   <div class='ocr_carea' id='block_1_16' title="bbox 1285 2352 2271 2915">
    <p class='ocr_par' dir='ltr' id='par_1_18' title="bbox 1285 2352 2271 2915">
     <span class='ocr_line' id='line_1_91' title="bbox 1285 2352 2268 2495; baseline -0.002 -21"><span class='ocrx_word' id='word_1_534' title='bbox 1285 2352 2152 2495; x_wconf 50' lang='lat' dir='ltr'>‘&#39;Pi‘asss‘ssssssfffssff{2⁰20ig&#39;53ii22&#39;3:</span> <span class='ocrx_word' id='word_1_535' title='bbox 2170 2371 2268 2473; x_wconf 59' lang='lat'>2¹53</span> 
     </span>
     <span class='ocr_line' id='line_1_92' title="bbox 1348 2493 2271 2552; baseline -0.001 -7"><span class='ocrx_word' id='word_1_536' title='bbox 1348 2493 1522 2545; x_wconf 86' lang='lat' dir='ltr'>sacram</span> <span class='ocrx_word' id='word_1_537' title='bbox 1538 2493 1750 2552; x_wconf 85' lang='lat' dir='ltr'>faciendi,</span> <span class='ocrx_word' id='word_1_538' title='bbox 1767 2512 1847 2543; x_wconf 89' lang='lat' dir='ltr'>nec</span> <span class='ocrx_word' id='word_1_539' title='bbox 1861 2514 1950 2547; x_wconf 92' lang='lat' dir='ltr'>non</span> <span class='ocrx_word' id='word_1_540' title='bbox 1967 2496 2115 2547; x_wconf 84' lang='lat' dir='ltr'>ablata</span> <span class='ocrx_word' id='word_1_541' title='bbox 2131 2498 2271 2546; x_wconf 89' lang='lat' dir='ltr'>Tem-</span> 
     </span>
     <span class='ocr_line' id='line_1_93' title="bbox 1348 2563 2268 2635; baseline 0.002 -23"><span class='ocrx_word' id='word_1_542' title='bbox 1348 2567 1424 2632; x_wconf 84' lang='lat' dir='ltr'>pla</span> <span class='ocrx_word' id='word_1_543' title='bbox 1444 2602 1459 2623; x_wconf 88' lang='lat'>,</span> <span class='ocrx_word' id='word_1_544' title='bbox 1475 2565 1614 2617; x_wconf 78' lang='lat' dir='ltr'>AEdes</span> <span class='ocrx_word' id='word_1_545' title='bbox 1630 2563 1722 2616; x_wconf 73' lang='grc' dir='ltr'>ἃς.</span> <span class='ocrx_word' id='word_1_546' title='bbox 1740 2567 1767 2616; x_wconf 69' lang='grc' dir='ltr'>ὲ</span> <span class='ocrx_word' id='word_1_547' title='bbox 1780 2568 1912 2635; x_wconf 78' lang='lat' dir='ltr'>&#39;Rege</span> <span class='ocrx_word' id='word_1_548' title='bbox 1928 2564 2162 2616; x_wconf 86' lang='lat' dir='ltr'>Persarum</span> <span class='ocrx_word' id='word_1_549' title='bbox 2175 2568 2268 2618; x_wconf 86' lang='lat' dir='ltr'>Ku-</span> 
     </span>
     <span class='ocr_line' id='line_1_94' title="bbox 1348 2632 2266 2703; baseline -0.001 -19"><span class='ocrx_word' id='word_1_550' title='bbox 1348 2632 1497 2685; x_wconf 82' lang='lat' dir='ltr'>likam</span> <span class='ocrx_word' id='word_1_551' title='bbox 1516 2632 1645 2684; x_wconf 64' lang='lat' dir='ltr'>fuere</span> <span class='ocrx_word' id='word_1_552' title='bbox 1662 2633 1888 2693; x_wconf 86' lang='lat' dir='ltr'>restituta,</span> <span class='ocrx_word' id='word_1_553' title='bbox 1904 2636 2103 2692; x_wconf 84' lang='lat' dir='ltr'>extollit,</span> <span class='ocrx_word' id='word_1_554' title='bbox 2120 2639 2266 2703; x_wconf 87' lang='lat' dir='ltr'>eique,</span> 
     </span>
     <span class='ocr_line' id='line_1_95' title="bbox 1351 2706 2265 2774; baseline 0.002 -21"><span class='ocrx_word' id='word_1_555' title='bbox 1351 2719 1402 2753; x_wconf 86' lang='lat' dir='ltr'>ut</span> <span class='ocrx_word' id='word_1_556' title='bbox 1422 2706 1467 2752; x_wconf 91' lang='lat' dir='ltr'>in</span> <span class='ocrx_word' id='word_1_557' title='bbox 1489 2706 1607 2755; x_wconf 82' lang='lat' dir='ltr'>Aula</span> <span class='ocrx_word' id='word_1_558' title='bbox 1626 2706 1768 2774; x_wconf 85' lang='lat' dir='ltr'>Regia</span> <span class='ocrx_word' id='word_1_559' title='bbox 1786 2721 1871 2770; x_wconf 89' lang='lat' dir='ltr'>pro</span> <span class='ocrx_word' id='word_1_560' title='bbox 1887 2706 2170 2772; x_wconf 87' lang='lat' dir='ltr'>promptiore</span> <span class='ocrx_word' id='word_1_561' title='bbox 2202 2710 2265 2755; x_wconf 89' lang='lat' dir='ltr'>rei</span> 
     </span>
     <span class='ocr_line' id='line_1_96' title="bbox 1346 2773 2266 2841; baseline -0.001 -15"><span class='ocrx_word' id='word_1_562' title='bbox 1346 2774 1598 2826; x_wconf 80' lang='lat' dir='ltr'>Catholicae</span> <span class='ocrx_word' id='word_1_563' title='bbox 1635 2774 1839 2841; x_wconf 84' lang='lat' dir='ltr'>praefidio</span> <span class='ocrx_word' id='word_1_564' title='bbox 1850 2809 1866 2832; x_wconf 89' lang='lat'><strong>,</strong></span> <span class='ocrx_word' id='word_1_565' title='bbox 1891 2776 2141 2824; x_wconf 89' lang='lat' dir='ltr'>incolatum</span> <span class='ocrx_word' id='word_1_566' title='bbox 2182 2773 2266 2826; x_wconf 83' lang='lat' dir='ltr'>fibi</span> 
     </span>
     <span class='ocr_line' id='line_1_97' title="bbox 1351 2841 1812 2915; baseline 0.004 -22"><span class='ocrx_word' id='word_1_567' title='bbox 1351 2859 1591 2915; x_wconf 89' lang='lat' dir='ltr'>procuret,</span> <span class='ocrx_word' id='word_1_568' title='bbox 1625 2841 1784 2895; x_wconf 87' lang='lat' dir='ltr'>suadet</span> <span class='ocrx_word' id='word_1_569' title='bbox 1799 2880 1812 2895; x_wconf 85' lang='lat'><strong>.</strong></span> 
     </span>
    </p>
   </div>
   <div class='ocr_carea' id='block_1_17' title="bbox 1274 2971 2267 3088">
    <p class='ocr_par' dir='ltr' id='par_1_19' title="bbox 1274 2971 2267 3088">
     <span class='ocr_line' id='line_1_98' title="bbox 1274 2971 2267 3031; baseline -0.002 -13"><span class='ocrx_word' id='word_1_570' title='bbox 1274 2973 1424 3021; x_wconf 69' lang='lat' dir='ltr'>DileHo</span> <span class='ocrx_word' id='word_1_571' title='bbox 1437 2975 1556 3023; x_wconf 75' lang='lat' dir='ltr'>Filio,</span> <span class='ocrx_word' id='word_1_572' title='bbox 1563 2975 1758 3016; x_wconf 71' lang='lat' dir='ltr'>Damiano</span> <span class='ocrx_word' id='word_1_573' title='bbox 1768 2972 1795 3015; x_wconf 65' lang='lat' dir='ltr'>a*</span> <span class='ocrx_word' id='word_1_574' title='bbox 1812 2971 2267 3031; x_wconf 79' lang='lat' dir='ltr'>Lugduno,Misiionario</span> 
     </span>
     <span class='ocr_line' id='line_1_99' title="bbox 1524 3030 2033 3088; baseline 0 -15"><span class='ocrx_word' id='word_1_575' title='bbox 1524 3035 1566 3074; x_wconf 80' lang='lat' dir='ltr'>in</span> <span class='ocrx_word' id='word_1_576' title='bbox 1586 3030 1790 3088; x_wconf 66' lang='lat' dir='ltr'>Hispalim</span> <span class='ocrx_word' id='word_1_577' title='bbox 1813 3030 2007 3087; x_wconf 62' lang='lat' dir='ltr'>Capua-ino</span> <span class='ocrx_word' id='word_1_578' title='bbox 2021 3060 2033 3073; x_wconf 90' lang='lat'><strong>.</strong></span> 
     </span>
    </p>
   </div>
   <div class='ocr_carea' id='block_1_18' title="bbox 1353 3151 2192 3206">
    <p class='ocr_par' dir='ltr' id='par_1_20' title="bbox 1353 3151 2192 3206">
     <span class='ocr_line' id='line_1_100' title="bbox 1353 3151 2192 3206; baseline -0.006 -2"><span class='ocrx_word' id='word_1_579' title='bbox 1353 3151 1788 3206; x_wconf 82' lang='lat' dir='ltr'>BENEDICTUS</span> <span class='ocrx_word' id='word_1_580' title='bbox 1828 3152 2001 3201; x_wconf 87' lang='lat' dir='ltr'>PAPA</span> <span class='ocrx_word' id='word_1_581' title='bbox 2046 3152 2192 3203; x_wconf 88' lang='lat' dir='ltr'>XIV.</span> 
     </span>
    </p>
   </div>
   <div class='ocr_carea' id='block_1_19' title="bbox 1370 3274 2170 3383">
    <p class='ocr_par' dir='ltr' id='par_1_21' title="bbox 1370 3274 2170 3383">
     <span class='ocr_line' id='line_1_101' title="bbox 1370 3274 2170 3336; baseline -0.006 -12"><span class='ocrx_word' id='word_1_582' title='bbox 1370 3279 1524 3324; x_wconf 66' lang='lat' dir='ltr'>Dite-He</span> <span class='ocrx_word' id='word_1_583' title='bbox 1540 3278 1623 3324; x_wconf 74' lang='lat' dir='ltr'>Fili</span> <span class='ocrx_word' id='word_1_584' title='bbox 1629 3278 1801 3333; x_wconf 60' lang='lat' dir='ltr'>salutem</span> <span class='ocrx_word' id='word_1_585' title='bbox 1813 3305 1827 3325; x_wconf 76' lang='lat'>,</span> <span class='ocrx_word' id='word_1_586' title='bbox 1841 3278 1894 3328; x_wconf 67' lang='grc' dir='ltr'>ό·</span> <span class='ocrx_word' id='word_1_587' title='bbox 1912 3274 2170 3336; x_wconf 73' lang='lat' dir='ltr'>qustolicam</span> 
     </span>
     <span class='ocr_line' id='line_1_102' title="bbox 1599 3338 1925 3383; baseline -0.015 0"><span class='ocrx_word' id='word_1_588' title='bbox 1599 3338 1900 3383; x_wconf 68' lang='lat' dir='ltr'>Bencdtflionem</span> <span class='ocrx_word' id='word_1_589' title='bbox 1913 3365 1925 3378; x_wconf 90' lang='lat'><strong><em>.</em></strong></span> 
     </span>
    </p>
   </div>
   <div class='ocr_carea' id='block_1_20' title="bbox 1279 3462 2256 3874">
    <p class='ocr_par' dir='ltr' id='par_1_22' title="bbox 1421 3462 2253 3520">
     <span class='ocr_line' id='line_1_103' title="bbox 1421 3462 2253 3520; baseline -0.002 -10"><span class='ocrx_word' id='word_1_590' title='bbox 1421 3470 1486 3510; x_wconf 93' lang='lat' dir='ltr'>On</span> <span class='ocrx_word' id='word_1_591' title='bbox 1503 3465 1581 3508; x_wconf 81' lang='lat' dir='ltr'>sine</span> <span class='ocrx_word' id='word_1_592' title='bbox 1593 3477 1663 3511; x_wconf 77' lang='lat' dir='ltr'>tua</span> <span class='ocrx_word' id='word_1_593' title='bbox 1678 3465 1820 3516; x_wconf 89' lang='lat' dir='ltr'>laude,</span> <span class='ocrx_word' id='word_1_594' title='bbox 1842 3462 2050 3520; x_wconf 84' lang='lat' dir='ltr'>nostraque</span> <span class='ocrx_word' id='word_1_595' title='bbox 2072 3466 2170 3519; x_wconf 81' lang='lat' dir='ltr'>erga&#39;</span> <span class='ocrx_word' id='word_1_596' title='bbox 2193 3466 2253 3508; x_wconf 88' lang='lat' dir='ltr'>Te</span> 
     </span>
    </p>

    <p class='ocr_par' dir='ltr' id='par_1_23' title="bbox 1442 3523 2256 3578">
     <span class='ocr_line' id='line_1_104' title="bbox 1442 3523 2256 3578; baseline 0 -12"><span class='ocrx_word' id='word_1_597' title='bbox 1442 3526 1726 3568; x_wconf 79' lang='lat' dir='ltr'>benevolentia</span> <span class='ocrx_word' id='word_1_598' title='bbox 1754 3524 2026 3565; x_wconf 85' lang='lat' dir='ltr'>intelleximus</span> <span class='ocrx_word' id='word_1_599' title='bbox 2041 3552 2055 3573; x_wconf 89' lang='lat'>‚</span> <span class='ocrx_word' id='word_1_600' title='bbox 2075 3538 2150 3578; x_wconf 91' lang='lat' dir='ltr'>ope</span> <span class='ocrx_word' id='word_1_601' title='bbox 2176 3523 2256 3566; x_wconf 89' lang='lat' dir='ltr'>stu-</span> 
     </span>
    </p>

    <p class='ocr_par' dir='ltr' id='par_1_24' title="bbox 1279 3582 2254 3639">
     <span class='ocr_line' id='line_1_105' title="bbox 1279 3582 2254 3639; baseline -0.001 -13"><span class='ocrx_word' id='word_1_602' title='bbox 1279 3585 1427 3639; x_wconf 87' lang='lat' dir='ltr'>dioque</span> <span class='ocrx_word' id='word_1_603' title='bbox 1444 3594 1519 3626; x_wconf 90' lang='lat' dir='ltr'>tuo</span> <span class='ocrx_word' id='word_1_604' title='bbox 1532 3584 1771 3626; x_wconf 89' lang='lat' dir='ltr'>Catholicos</span> <span class='ocrx_word' id='word_1_605' title='bbox 1785 3583 1825 3622; x_wconf 90' lang='lat' dir='ltr'>in</span> <span class='ocrx_word' id='word_1_606' title='bbox 1841 3582 2026 3637; x_wconf 80' lang='lat' dir='ltr'>Georgiae</span> <span class='ocrx_word' id='word_1_607' title='bbox 2045 3582 2254 3625; x_wconf 82' lang='lat' dir='ltr'>Provincia</span> 
     </span>
    </p>

    <p class='ocr_par' dir='ltr' id='par_1_25' title="bbox 1281 3641 2254 3696">
     <span class='ocr_line' id='line_1_106' title="bbox 1281 3641 2254 3696; baseline -0.003 -9"><span class='ocrx_word' id='word_1_608' title='bbox 1281 3645 1476 3687; x_wconf 82' lang='lat' dir='ltr'>Armenes</span> <span class='ocrx_word' id='word_1_609' title='bbox 1490 3643 1530 3682; x_wconf 88' lang='lat' dir='ltr'>iu</span> <span class='ocrx_word' id='word_1_610' title='bbox 1544 3642 1744 3696; x_wconf 86' lang='lat' dir='ltr'>pristinam</span> <span class='ocrx_word' id='word_1_611' title='bbox 1759 3641 1988 3683; x_wconf 86' lang='lat' dir='ltr'>libertatem</span> <span class='ocrx_word' id='word_1_612' title='bbox 2002 3641 2171 3683; x_wconf 81' lang='lat' dir='ltr'>faciendi</span> <span class='ocrx_word' id='word_1_613' title='bbox 2186 3644 2254 3684; x_wconf 86' lang='lat' dir='ltr'>suo</span> 
     </span>
    </p>

    <p class='ocr_par' dir='ltr' id='par_1_26' title="bbox 1282 3697 2252 3744">
     <span class='ocr_line' id='line_1_107' title="bbox 1282 3697 2252 3744; baseline -0.003 0"><span class='ocrx_word' id='word_1_614' title='bbox 1282 3701 1360 3744; x_wconf 89' lang='lat' dir='ltr'>ritu</span> <span class='ocrx_word' id='word_1_615' title='bbox 1379 3716 1464 3743; x_wconf 87' lang='lat' dir='ltr'>rem</span> <span class='ocrx_word' id='word_1_616' title='bbox 1484 3700 1636 3742; x_wconf 86' lang='lat' dir='ltr'>sacram</span> <span class='ocrx_word' id='word_1_617' title='bbox 1652 3700 1856 3742; x_wconf 85' lang='lat' dir='ltr'>restitutos</span> <span class='ocrx_word' id='word_1_618' title='bbox 1872 3697 1980 3742; x_wconf 80' lang='lat' dir='ltr'>fuisse</span> <span class='ocrx_word' id='word_1_619' title='bbox 2011 3701 2032 3741; x_wconf 69' lang='lat' dir='ltr'>a</span> <span class='ocrx_word' id='word_1_620' title='bbox 2050 3698 2252 3743; x_wconf 87' lang='lat' dir='ltr'>Persarum</span> 
     </span>
    </p>

    <p class='ocr_par' dir='ltr' id='par_1_27' title="bbox 1282 3757 2253 3874">
     <span class='ocr_line' id='line_1_108' title="bbox 1282 3757 2253 3813; baseline -0.003 -10"><span class='ocrx_word' id='word_1_621' title='bbox 1282 3761 1397 3813; x_wconf 87' lang='lat' dir='ltr'>Rege</span> <span class='ocrx_word' id='word_1_622' title='bbox 1412 3757 1599 3802; x_wconf 87' lang='lat' dir='ltr'>Kulikam</span> <span class='ocrx_word' id='word_1_623' title='bbox 1616 3784 1628 3807; x_wconf 67' lang='lat' dir='ltr'>a</span> <span class='ocrx_word' id='word_1_624' title='bbox 1644 3758 1750 3800; x_wconf 89' lang='lat' dir='ltr'>unde</span> <span class='ocrx_word' id='word_1_625' title='bbox 1769 3758 1835 3810; x_wconf 83' lang='lat' dir='ltr'>vi,</span> <span class='ocrx_word' id='word_1_626' title='bbox 1861 3761 2094 3802; x_wconf 88' lang='lat' dir='ltr'>verberibus</span> <span class='ocrx_word' id='word_1_627' title='bbox 2107 3785 2122 3807; x_wconf 82' lang='lat'><strong>,</strong></span> <span class='ocrx_word' id='word_1_628' title='bbox 2150 3757 2253 3802; x_wconf 85' lang='lat' dir='ltr'>aliis-</span> 
     </span>
     <span class='ocr_line' id='line_1_109' title="bbox 2118 3831 2195 3874; baseline 0.039 -16"><span class='ocrx_word' id='word_1_629' title='bbox 2118 3831 2195 3874; x_wconf 89' lang='lat' dir='ltr'>que</span> 
     </span>
    </p>
   </div>
  </div>
 </body>
</html>
