2554 4230
228 375 388 490 pue
445 373 524 451 in
593 364 784 450 Viro
847 359 1209 482 Religioso
1270 363 1732 476 constituunt
1780 436 1803 465 ‚
1865 398 1963 453 ac
2018 378 2275 479 ‘Divi-¹

247 493 324 573 ni
369 483 621 602 Officii
660 476 981 597 pensum
1014 549 1036 579 ‚
1099 477 1680 597 Sacrosaniflum
1732 485 1974 599 Miffle
2011 491 2255 574 Sacri.

227 603 499 719 ficium
542 668 564 697 ‚
623 627 721 683 ac
780 607 1063 684 rituum
1132 600 1805 715 Ecclestasticorum
1865 601 2261 717 observan-

246 727 437 808 tiam
496 712 898 832 respiciunt
931 782 952 812 ‚
986 713 1311 831 sollicito
1344 717 1653 837 semper
1708 718 1944 820 [ludio
1987 751 2084 808 ae
2096 723 2263 838 spi-

243 844 401 926 ritu
426 836 772 951 palmari
806 835 1102 921 curciHi
1119 900 1137 919 .

425 955 775 1038 Primum
802 1018 824 1055 ‚
866 951 1073 1067 quod
1116 955 1401 1041 attinet
1424 1020 1448 1055 ‚
1508 953 1814 1041 videtur
1856 955 1963 1041 ab
2014 952 2265 1071 infan-

247 1079 361 1160 tia
421 1095 671 1156 tecum
732 1070 1032 1183 creviffe
1101 1070 1370 1155 divina
1443 1068 1675 1159 laulis
1732 1074 1942 1160 zelus
1989 1110 2014 1176 ·,
2087 1071 2267 1191 jam

245 1194 443 1277 enim
503 1194 580 1272 in
633 1187 917 1274 Saeculo
964 1254 985 1284 ‚
1054 1188 1151 1276 ¹&
1213 1218 1297 1273 tn
1352 1187 1659 1307 ephebis
1733 1192 2002 1277 odaria
2063 1189 2270 1306 psal-

248 1308 558 1395 lentium
601 1302 1107 1421 frequentare
1157 1307 1559 1421 geffiebas
1608 1375 1629 1406 ,
1702 1307 1792 1396 ἓξ
1854 1314 1932 1393 in
1981 1303 2268 1422 sortem

242 1427 451 1515 Divi
496 1423 594 1509 P.
637 1419 1020 1538 Francffti
1064 1449 1434 1529 vocatus,
1477 1425 1717 1541 statis
1752 1424 1954 1511 horis
1995 1424 2272 1509 divina

241 1538 673 1662 psalmodiae
708 1540 1084 1657 intereffl’,
1123 1540 1441 1658 stimma
1481 1545 1652 1660 fuit
1700 1548 1938 1630 animi
1992 1549 2110 1628 tui
2142 1573 2272 1629 vo·-

245 1664 505 1779 luptas
540 1725 562 1762 ‚
620 1666 740 1747 ita
801 1659 1109 1775 quedem
1150 1728 1170 1759 ,
1232 1684 1322 1748 ut
1382 1690 1523 1748 nec
1564 1661 1890 1780 gracilis
1948 1666 2270 1778 corporis

236 1779 685 1867 conHitutio
710 1844 734 1880 ,
797 1807 934 1864 nec
979 1784 1445 1896 negotiorum
1512 1782 1859 1868 cumulus
1918 1849 1940 1881 ‚
2004 1807 2139 1865 nec
2205 1810 2278 1865 e·-

250 1903 439 1984 tiam
499 1901 885 2012 aequitatis
944 1923 1086 1984 aut
1146 1895 1602 2013 discretionis
1685 1903 1889 1986 ratio
1966 1894 2083 1981 Te
2143 1925 2279 1981 un-

250 2041 482 2130 quam
517 2015 621 2097 ab
647 2043 740 2097 ea
776 2013 1099 2097 avellere
1121 2017 1435 2125 possent.
1462 2018 1637 2098 Nec
1670 2016 1781 2099 ad
1803 2014 2112 2098 chorum
2146 2020 2277 2112 ire,

232 2129 382 2248 sed
413 2126 672 2214 volare
711 2129 1096 2209 videbaris
1127 2188 1150 2224 ,
1212 2152 1301 2212 ut
1330 2194 1350 2225 ,
1391 2155 1619 2241 quem
1683 2129 1960 2243 Angeli
2000 2132 2275 2215 SanHo

254 2241 561 2358 trisagio
597 2239 931 2328 adorant
977 2248 1058 2325 in
1104 2242 1275 2327 coelo
1298 2311 1320 2341 ,
1371 2244 1499 2329 Tu
1531 2249 1615 2329 in
1651 2245 2054 2363 Seraphico
2086 2248 2274 2332 Fra-

248 2389 461 2455 trum
495 2358 670 2447 odeo
705 2362 1008 2475 primus
1062 2386 1233 2445 eum
1272 2359 1641 2448 laudares
1692 2371 2035 2451 oratione
2058 2429 2080 2465 ‚
2111 2395 2272 2482 quae

230 2480 440 2598 ficut
499 2473 883 2594 incensum
929 2477 1379 2594 dirigeretur
1423 2485 1503 2564 in
1548 2479 1933 2599 conspeHu
1995 2483 2195 2569 Dei.

243 2630 247 2641 ⁴
398 2600 562 2708 Are
607 2598 923 2685 Domini
965 2602 1258 2713 quoties
1284 2598 1859 2703 recordaberis,
1907 2606 2135 2688 toties
2166 2604 2280 2684 in-

252 2722 536 2802 tumuit
555 2737 711 2833 prae
745 2723 1018 2801 amoris
1053 2714 1221 2832 astu
1254 2743 1380 2803 cor
1411 2741 1672 2816 tuum,
1707 2720 2142 2830 mansttque
2169 2722 2280 2800 in-

250 2837 596 2948 quietum
626 2899 649 2935 ‚
710 2829 941 2948 usque
1001 2832 1183 2920 dum
1238 2833 1348 2920 a'd
1395 2834 1668 2922 Altare
1720 2838 1878 2921 Dei
1918 2902 1940 2932 ‚
2015 2833 2103 2919 ⁴&
2168 2829 2281 2914 ad

245 2954 553 3051 Deum,
585 2956 716 3067 qui
742 2950 1275 3065 laetificaverat
1309 2958 1645 3040 animam
1680 2977 1938 3048 tuam,
1971 2951 2277 3034 introire

240 3067 526 3186 poffes,
564 3069 653 3157 &²
670 3134 692 3169 ,
726 3067 905 3154 dum
938 3091 1094 3185 pra
1126 3071 1498 3173 atritidis,
1521 3069 1669 3184 fleu
1690 3069 2049 3186 podagra
2079 3063 2275 3150 dolo-

242 3217 382 3284 re,
416 3186 742 3302 pedibus
791 3192 1018 3272 inniti
1069 3217 1219 3273 non
1255 3186 1621 3291 valebas,
1672 3191 2036 3276 Fratrum
2074 3181 2274 3267 ulnis

244 3305 335 3390 eo*
387 3310 689 3419 portari
741 3302 1018 3393 vellem
1067 3332 1616 3421 nonnunquam
1640 3372 1661 3400 ,
1711 3304 1893 3388 dum
1945 3303 2270 3386 Sacram

248 3423 622 3508 ‘aHionem
655 3421 765 3508 ad
785 3422 1046 3534 plures
1078 3420 1303 3505 horas
1336 3445 1678 3537 vagante
1724 3426 1925 3503 inter
1967 3412 2273 3528 coelestes

248 3538 568 3625 ‘delicias
620 3543 872 3624 animo
920 3537 1436 3651 protrahebas
1469 3604 1492 3638 ,
1554 3555 1853 3650 corpore
1910 3535 2002 3618 de
2061 3558 2270 3619 terra

255 3677 532 3770 raptus
580 3722 602 3751 ,
662 3658 754 3744 ἐξ
817 3653 1136 3740 entheus
1193 3658 1596 3739 cernereris
1629 3719 1649 3748 ,
1710 3652 1799 3739 δέ
1835 3647 2083 3764 seme-l
2128 3649 2267 3767 Je-

317 3823 325 3826 «
374 3774 448 3851 T
456 3801 615 3852 om.
637 3774 797 3854 Vll.
1499 3798 1547 3851 a
1612 3795 1651 3875 3
2023 3764 2211 3883 sum
