2496 4172
428 153 591 261 178

365 297 561 353 tantjpfis
574 299 677 342 vero
686 297 939 342 Miffionariis
956 299 1195 356 injunxit,ne
1209 303 1229 342 a
1246 300 1342 342 Mis-

362 357 471 399 fioue
493 355 788 411 discedant,nifi
802 373 914 414 prius
929 359 951 400 i
963 362 1342 416 §.Congregatioue

360 415 532 459 obtenti
546 415 711 459 licentia
728 419 949 466 redeundi,
971 433 1153 476 quamvis
1185 431 1341 474 tempus

361 475 558 518 refidendi
582 476 622 518 in
650 476 834 519 Miffioue
859 475 971 534 juxta
1009 491 1147 523 eorum
1173 478 1338 519 decreta

364 535 524 591 integre
539 536 870 589 compleverint,
899 538 1010 590 quod
1039 538 1161 579 etiam
1190 551 1261 591 per
1277 538 1335 579 la-

359 591 472 649 psum
486 592 728 637 facultatum
742 595 925 649 expirarc
946 610 1028 637 non
1054 597 1287 647 censeatur,
1302 597 1342 638 δι

361 654 404 694 in
420 653 499 695 hoc
515 662 670 707 tempus
682 653 838 696 itineris
850 666 932 694 non
946 657 1338 708 comprehendatur.

359 710 402 755 Si
434 711 534 753 vcro
565 710 765 756 Praefestis
794 711 973 766 aliquem
1018 714 1247 756 remotione
1277 714 1337 755 di-

359 782 482 825 gnum
502 764 625 811 visum
652 766 798 816 fuerit,
816 779 1002 812 teneatur
1028 773 1139 825 prius
1153 772 1340 815 consule-

359 841 404 869 re
420 830 547 868 Sacrae
562 828 889 883 congregationi
904 827 955 869 de
970 826 1087 870 caula
1102 856 1116 878 ,
1148 831 1201 872 ob
1216 843 1336 885 quam

356 884 622 930 removendus
636 888 711 927 erit
733 915 747 936 ‚
773 881 1080 940 responsumque
1093 891 1307 943 expectare
1321 915 1336 938 ,

354 951 567 998 antequam
594 943 887 986 Miffionarium
916 956 1186 991 removeant,
1214 956 1287 987 aut
1312 946 1334 986 i

352 1000 537 1044 Miffione
557 1000 794 1057 suspendant
806 1030 822 1052 ,
839 1000 902 1044 vel
925 1001 1152 1054 dimittant,
1165 1002 1335 1058 excepta

356 1058 470 1103 causa
485 1059 637 1115 publici
653 1059 929 1116 {caudamque
940 1058 1030 1101 easu
1047 1060 1167 1104 liceat
1183 1061 1333 1104 eisdem

351 1118 539 1161 adhibito
551 1117 719 1162 consilio
732 1119 907 1162 duorum
923 1117 1259 1163 Miffionariorum
1275 1120 1334 1164 se-

351 1180 512 1220 niorum
536 1190 775 1222 removere:
802 1177 979 1221 debeant
995 1188 1128 1222 tamen
1158 1185 1197 1222 S.
1217 1181 1334 1223 Con-

349 1236 634 1293 gregationem
649 1237 899 1288 certiorare,
925 1246 975 1279 ut
1001 1236 1102 1280 alios
1114 1238 1333 1294 operarios

348 1296 642 1353 quamprimum
657 1294 921 1351 subdelegare
938 1294 1080 1352 poffit,
1105 1297 1178 1340 sub
1208 1311 1331 1352 poena

350 1354 617 1398 inhabilitatis
629 1383 646 1409 ,
663 1354 992 1412 &incapacitatis
1018 1356 1069 1397 ad
1096 1358 1228 1399 munia
1246 1385 1260 1408 ,
1291 1359 1330 1399 δι

347 1414 495 1469 gradus
521 1427 592 1470 per
615 1415 779 1456 Sacram
806 1414 1182 1470 Congregationem
1205 1443 1223 1470 ‚
1263 1416 1328 1460 vel

346 1468 527 1525 ciusdem
557 1474 704 1516 intuitu
734 1471 990 1516 Miffionariis
1025 1472 1112 1517 dari
1150 1472 1294 1519 solitos
1313 1504 1330 1529 ,

346 1531 505 1590 aliique
520 1530 733 1576 arbitraria
747 1561 762 1584 ,
776 1534 886 1575 &ita
902 1531 1049 1574 servari
1069 1534 1274 1578 mandavit
1286 1563 1299 1577 .

405 1647 585 1694 extrue.
602 1662 652 1693 ex
668 1648 774 1693 Ami
788 1652 825 1691 S.
839 1652 1031 1707 Congreg-
1042 1650 1088 1693 de
1105 1653 1328 1708 Propagan-

462 1709 512 1750 da
532 1709 629 1751 Fide
642 1708 801 1751 deonna
821 1709 1119 1765 1668.pag.24.
1134 1725 1166 1753 n.
1186 1728 1226 1756 2.

406 1766 782 1877 &JJJssba‘gs‘m'
800 1768 985 1809 General.
1004 1769 1245 1827 1668.pag.r
1256 1783 1328 1822 77.

341 2059 606 2113 Celebratio
624 2060 798 2112 Sanc'iae
826 2059 972 2111 Miffae
1004 2059 1139 2131 super
1160 2066 1294 2114 Mare
1309 2101 1325 2125 ,

410 2134 551 2183 ctiam
586 2133 630 2181 in
658 2133 853 2182 navibus
879 2136 935 2182 ad
958 2148 1146 2199 portum
1164 2138 1322 2201 appul-

410 2201 498 2260 fiz,
531 2199 836 2252 Missionariit
866 2202 1081 2254 omnibu:
1109 2203 1318 2256 absolute

408 2271 637 2324 inhibetur
652 2309 666 2324 .

341 2425 384 2467 ln
399 2424 710 2481 congregatione
716 2421 967 2479 pertitulari‘
996 2426 1083 2467 sae.
1096 2426 1319 2482 Congrege-

394 2487 511 2524 nonii
530 2483 575 2525 de
611 2481 864 2541 stopogaendae
892 2481 989 2526 fide
1006 2482 1145 2525 hahita
1172 2483 1234 2525 die
1250 2496 1319 2539 29·

392 2543 598 2596 quinam
622 2542 698 2585 166
706 2555 742 2594 7.
750 2544 991 2600 pnpifieuni
1005 2541 1101 2603 snit
1114 2546 1222 2586 Inter
1234 2547 1319 2586 atio

392 2600 684 2659 dubiastquens
698 2629 711 2642 .

462 2710 501 2750 Ν
518 2709 660 2762 vigore
689 2706 813 2752 solius
845 2705 1053 2753 facultatis
1081 2705 1316 2753 celebrandi

489 2765 642 2811 Miffim
656 2781 912 2822 quocumque
937 2766 1032 2811 loco
1042 2764 1201 2812 decenti
1216 2767 1315 2810 Mis-

334 2825 510 2869 lionariis
523 2824 713 2871 concessa
739 2825 854 2882 potiit
873 2827 984 2869 licite
1013 2827 1312 2871 Sacroliine'tum

332 2881 452 2927 Miffae
463 2883 709 2929 Sacrificium
733 2886 781 2928 ab
796 2884 887 2940 ipsis
914 2884 1144 2938 celebrari,
1176 2886 1273 2929 licut
1290 2886 1314 2930 ὶ

331 2942 567 2998 quibusdam
586 2944 759 2999 ipsorum
773 2970 786 2993 ‚
815 2944 976 3001 lingulis
1002 2945 1146 2989 dit-but
1173 2946 1312 2988 Domi·

333 3001 433 3043 nicia
445 3002 485 3044 θι
507 2999 615 3045 feni·-
631 3003 861 3047 celebrattir
887 3004 1001 3059 super
1018 3006 1131 3048 Mare
1150 3003 1187 3046 iri
1204 3005 1314 3047 navi·

333 3060 407 3102 bin
424 3073 550 3117 prope
576 3061 690 3105 litim
716 3061 885 3119 appulsis
911 3062 1059 3120 absque
1072 3061 1310 3120 prasentia„

332 3118 503 3161 alterius
521 3121 752 3163 sacerdotia
767 3151 783 3174 ‚
806 3122 873 3177 qui
888 3121 1055 3165 calicem
1081 3121 1165 3179 poll
1179 3120 1313 3166 conse.

331 3179 559 3222 cntionem
576 3176 736 3222 firmum
764 3179 959 3223 custodiat
985 3182 1036 3224 ad
1052 3181 1209 3238 penitus
1223 3182 1290 3224 evi

333 3237 500 3281 tandum
528 3237 725 3282 effusioni·
752 3239 980 3294 periculum
996 3268 1011 3293 ‚
1039 3251 1084 3284 ut
1114 3242 1312 3284 Dossorea

332 3297 542 3354 opinanter
558 3299 765 3354 requirunt
784 3298 800 3340 ἶ

452 3355 700 3412 Refer-iperi·
716 3386 728 3400 .
750 3355 880 3400 Nullo
897 3357 1022 3400 modo
1037 3356 1162 3401 licere
1176 3359 1313 3415 Capu·

330 3416 431 3458 cinis
446 3446 459 3468 ,
473 3430 544 3458 nec
564 3416 790 3460 Minoribus
818 3416 1133 3460 observantibus
1149 3444 1162 3466 ‚
1183 3431 1312 3475 neque

334 3476 648 3534 quibuscumque
662 3477 751 3520 aliia
766 3475 972 3520 celebrare
986 3504 1000 3526 ,
1017 3475 1081 3519 vel
1099 3478 1309 3529 mandare,

333 3533 398 3576 vel
417 3538 654 3591 permittere
668 3535 877 3580 celebrare
905 3535 1056 3580 Missam
1070 3535 1110 3580 in
1128 3536 1309 3590 navibus,

331 3596 423 3650 quia
439 3608 608 3639 omnino
623 3597 675 3641 en
690 3594 940 3653 prohibitum
958 3626 969 3639 .

394 3713 573 3756 fixerat-7.
589 3729 635 3756 cx
647 3725 749 3758 ionio
757 3713 889 3769 primo
907 3714 1076 3770 Rrfilue.
1095 3714 1309 3757 Areh.5aee.

447 3775 644 3829 Congr.de
664 3778 823 3830 l'ropag.
842 3777 924 3819 Fid.
941 3784 1107 3831 stag-,45
1119 3786 1152 3815 t.

1097 151 1619 241 Monumenta

1403 301 1704 353 Missionariis
1717 298 1882 366 absque
1908 297 2103 367 expressa
2132 297 2181 350 &
2212 297 2380 368 scripta

1470 375 1620 422 Sacrae
1637 373 2024 440 Congregationis
2053 371 2233 419 licentia
2255 369 2379 438 apud

1467 447 1711 514 Magnates
1724 447 1772 493 ὅ(
1783 445 1896 492 alios
1909 443 2079 490 morari
2091 443 2377 508 prohibetur.

1403 599 1612 639 Decretum
1640 598 1771 637 sacre
1811 593 2129 648 congregationis
2170 595 2323 634 Genera
2330 592 2379 631 lis

1457 656 1502 697 dc
1518 659 1679 711 Propag.
1694 653 1791 699 Fide
1808 651 1953 694 habite
1967 652 2028 693 dic
2052 651 2233 706 19.‘Julit‘
2253 651 2299 693 16
2309 664 2328 701 7
2339 651 2380 691 8.

1519 771 1711 814 Efereute
1731 769 2050 814 Eminentissimo
2065 766 2286 811 Cardinale
2300 768 2376 809 Ot-

1547 832 1745 880 thobono‚
1763 829 1883 872 Sacra
1901 828 2176 882 Congregatio
2192 826 2302 883 justis
2320 825 2373 868 de

1395 890 1518 929 causis
1535 891 1735 939 decrevit,
1747 888 1855 943 quod
1872 889 2114 942 inposterum
2133 887 2264 929 nullus
2280 883 2377 925 Miss

1396 943 1590 990 fionarius
1603 947 1716 1003 poffit
1731 946 1838 1000 apud
1856 946 2145 1000 Magnaies‚seu
2164 946 2266 989 alios
2285 958 2371 984 mo·

1394 1017 1481 1045 ram
1495 1003 1628 1048 facere
1646 1007 1791 1060 absque
1816 1001 1990 1059 exprelia
2024 1004 2187 1048 licentia
2214 1006 2253 1047 in
2271 1001 2371 1045 scri-

1393 1062 1472 1116 ptis
1492 1061 1668 1117 ejusdem
1683 1067 1771 1105 Sac.
1788 1063 2128 1118 congregationis
2145 1093 2158 1114 ,
2183 1063 2249 1104 sed
2276 1074 2375 1103 cum

1393 1119 1532 1163 debita
1550 1121 1759 1177 diligentia
1776 1122 1825 1162 ad
1846 1120 2038 1164 Miffionis
2063 1121 2241 1164 officium
2270 1134 2374 1162 con·

1393 1179 1511 1222 tinuo
1524 1208 1539 1231 ,
1554 1182 1594 1222 δι
1607 1179 1756 1223 assidue
1775 1177 1928 1233 semper
1946 1180 2205 1232 incumbere,
2224 1191 2375 1220 onera-

1393 1239 1532 1293 vitque
1550 1254 1628 1282 non
1645 1238 2004 1294 solumSuperiores
2022 1237 2278 1294 Religionum
2291 1234 2374 1279 res-

1391 1297 1545 1355 pective
1558 1325 1572 1348 ,
1602 1297 1664 1342 sed
1697 1301 1820 1341 etiam
1850 1295 2070 1352 Episcopus
2099 1296 2338 1341 ordinarios
2357 1322 2374 1346 ,

1391 1356 1570 1412 aliosque
1588 1358 1793 1401 Ministros
1810 1357 1958 1400 Sanan
1973 1356 2088 1400 Sedis
2100 1384 2114 1407 ‚
2141 1367 2184 1399 ut
2200 1353 2374 1411 praesens

1389 1417 1611 1461 Decretum
1638 1419 1688 1461 ab
1710 1416 1899 1460 omnibus
1910 1415 1962 1459 ad
1978 1429 2149 1472 unguem
2162 1412 2371 1458 observari

1389 1475 1534 1520 saciant
1544 1504 1557 1518 .

1446 1593 1625 1638 Extra&
1642 1609 1691 1636 ex
1710 1592 1825 1637 Libro
1846 1597 2106 1638 Decretorunr
2121 1595 2207 1635 Soc.
2225 1594 2368 1647 Congr-

1505 1654 1551 1696 ἐι
1566 1654 1822 1710 Propagandi:
1836 1653 1934 1698 Pide
1958 1650 2010 1693 ab
2033 1665 2134 1695 anno
2156 1651 2280 1703 1670.
2313 1648 2370 1692 ad

1508 1723 1723 1770 1707.pag
1743 1725 1812 1765 70.
1829 1726 1870 1755 n.
1889 1724 1987 1754 aot.
2037 1730 2041 1734 ·

1390 1945 1620 1999 Praefeffls
1650 1943 1928 1999 Missionum
1970 1943 2368 2016 quibuscumque.»

1455 2036 1564 2070 cum
1582 2019 1836 2070 Catholicis
1866 2020 2123 2069 Nationum
2152 2017 2371 2067 Orienta-

1452 2091 1570 2140 lium
1593 2089 1724 2159 super
1729 2092 1944 2154 jejuniis,
1971 2086 2252 2139 orationibus
2272 2121 2288 2145 ,
2317 2083 2370 2138 ἅ

1449 2163 1734 2212 ceremoniis
1746 2161 1773 2211 ὲ
1787 2164 1834 2213 S.
1850 2160 1969 2214 Sede
2002 2157 2262 2228 approbatis
2279 2153 2367 2208 dis·

1447 2227 1631 2298 pensare
1647 2230 1880 2282 inhibetur
1893 2266 1912 2289 ,
1924 2231 2182 2283 Catholicis
2207 2226 2266 2278 ab
2282 2227 2364 2278 hu·

1441 2295 1643 2365 jusmodi
1668 2297 1784 2350 riti‘ts
1799 2298 2130 2351 consuetudine
2144 2297 2358 2348 recedere

1448 2387 1532 2421 nec
1552 2367 1719 2421 licuiss'e
1730 2406 1746 2430 ,
1762 2388 1843 2420 nec
1860 2371 1997 2421 licere
2013 2369 2290 2427 declaratur,
2305 2383 2359 2417 ac

1448 2439 1766 2501 observantia,
1789 2459 1842 2491 ac
1856 2444 2066 2492 executio
2095 2436 2357 2500 huiusmodi

1450 2515 1635 2564 Decreti
1677 2514 1865 2564 vicario
1893 2510 2165 2583 Apostolico
2202 2511 2248 2559 in
2276 2511 2359 2560 Pa-

1449 2584 1699 2635 triarchatu
1735 2580 2244 2652 Constantinopolitano
2291 2581 2359 2630 in·

1447 2656 1683 2705 culeatur.

1495 2822 1686 2867 Eserente
1711 2822 1765 2865 R.
1782 2822 1824 2864 P.
1844 2823 1895 2866 D.
1922 2819 2209 2877 Portiguerra,
2239 2818 2353 2864 Emi-

1519 2881 1732 2926 neniissinii
1752 2884 1892 2926 Patres
1906 2879 2014 2936 juliis
2029 2881 2069 2924 δι
2084 2875 2353 2924 rationalibus

1374 2953 1498 2984 cautis
1516 2942 1619 2985 moti
1633 2939 1738 2985 confi
1746 2939 1941 2989 vuirunt,
1953 2940 1992 2983 &
2011 2936 2255 2984 tenovflrunt
2271 2935 2355 2980 De-

1374 3011 1533 3044 cretum
1550 3002 1650 3045 alin
1662 3030 1674 3053 ‚
1686 3002 1724 3044 δι
1742 2999 1942 3056 signanter
1954 2997 2025 3044 sub
2039 2999 2105 3043 die
2121 3012 2141 3055 3
2157 3011 2169 3040 ι
2183 2998 2352 3055 .Janua-

1374 3059 1423 3103 rii
1446 3072 1563 3110 iyaa.
1578 3060 1733 3103 editum
1750 3060 1898 3103 tenoris
1912 3087 1927 3112 ‚
1941 3059 2008 3116 qui
2028 3057 2220 3114 sequitur,
2241 3054 2354 3098 vide-

1374 3118 1471 3163 licet
1502 3134 1557 3162 =
1589 3117 1807 3163 Referente
1837 3120 1889 3163 R.
1907 3120 1952 3164 Ρ.
1970 3115 2263 3173 augustino
2282 3113 2355 3156 Fa-

1371 3178 1504 3221 brono
1520 3180 1772 3229 secretario,
1801 3177 1919 3223 Sacra
1945 3173 2225 3234 congregatio
2238 3183 2354 3214 man-

1376 3238 1493 3283 davit
1510 3238 1669 3294 pracipi
1683 3263 1698 3287 ,
1730 3248 1846 3293 prout
1866 3236 2044 3294 presenti
2062 3235 2240 3279 Decreto
2254 3242 2352 3286 prc-

1378 3298 1526 3353 cipitur
1537 3297 1724 3341 omnibu·
1737 3322 1751 3346 ‚
1766 3297 1806 3338 δι
1821 3294 1978 3353 fingunt
1993 3293 2217 3340 Missionum
2233 3290 2353 3346 Apo-

1379 3356 1602 3400 llolicarum
1621 3352 1817 3400 prefectis
1844 3356 1884 3398 δι
1912 3350 2164 3399 Millionariia
2181 3377 2196 3401 ‚
2214 3363 2262 3393 ne
2286 3347 2354 3391 ul-

1375 3415 1435 3459 lus
1452 3430 1592 3460 corum
1610 3414 1848 3470 inposterum
1874 3414 2010 3470 quavi·
2026 3408 2237 3455 occafione
2253 3437 2267 3461 ‚
2281 3416 2355 3475 aut

1374 3486 1566 3532 prat-textu
1597 3473 1742 3518 audeat
1773 3472 1997 3530 dispensate
2012 3484 2103 3514 cum
2123 3467 2351 3512 Catholicis

1371 3548 1493 3590 quatu
1501 3547 1709 3591 meumque
1726 3533 1943 3576 Nationum
1955 3528 2224 3574 Orientalium
2238 3526 2352 3595 super

1373 3594 1534 3649 iejuniis
1553 3621 1568 3646 ,
1582 3592 1842 3636 Orationibus
1855 3618 1870 3642 ,
1884 3590 2180 3644 Coeremoniia,
2194 3588 2234 3631 ἀ
2248 3585 2352 3630 simi·

1376 3653 1479 3697 libus
1505 3653 1525 3695 l
1555 3651 1718 3709 proprio
1740 3648 1974 3694 earumdem
2012 3649 2233 3692 Nationum
2268 3645 2350 3689 ritu

1372 3712 1608 3769 prescriptis
1625 3737 1639 3760 ‚
1651 3712 1691 3754 δι
1706 3709 1726 3753 d
1742 3711 1881 3752 Sancta
1910 3709 2016 3753 Sede
2035 3706 2260 3765 Apostolica
2276 3718 2351 3761 ap-

1370 3772 1554 3830 probatis
1567 3800 1580 3813 .
1606 3771 1800 3814 Praeterea
1814 3769 1954 3812 cadem
1971 3769 2094 3810 &acra
2112 3767 2350 3821 Congu-ga-

2229 3834 2287 3864 tio
