2496 4172
1007 135 1452 254 Apoflolica
1467 178 1490 220 .-

243 287 353 330 viunt
371 283 411 327 in
427 285 615 340 Europa,
639 285 678 326 &
700 282 978 327 haereditatem
991 281 1153 324 Domini
1167 281 1208 324 in

239 346 410 390 Oriente
436 344 721 398 dirripuerunt
746 344 923 387 latrones
962 342 1209 393 animarum3

238 419 322 450 non
341 415 475 447 tamen
489 400 738 447 obliviscitur
765 401 1032 452 Omnipotens
1057 399 1213 441 miseri-

235 462 398 507 cordias
414 461 500 506 suas
512 491 528 514 ,
546 460 658 518 cujus
682 459 850 504 vulnera
866 487 881 510 ,
894 458 1212 510 medicamenta,

235 522 351 577 cuius
369 523 426 566 ira
442 548 456 570 ‚
487 519 702 566 clementia
714 519 793 562 est.
825 520 968 576 Qare
990 518 1179 560 adeamus
1195 546 1210 568 ,

238 580 377 624 dilecti
390 581 487 625 vFilii
500 609 515 632 ‚
531 593 623 623 cum
639 577 785 623 fiducia
800 579 1011 620 Thronum
1036 575 1210 632 Cglestis

239 640 500 696 indulgentiae
512 667 526 691 ‚
541 636 732 696 patefient
745 638 895 680 iterum
909 639 1116 679 cataraetae
1131 638 1233 691 Cg-'

242 699 272 742 li
291 726 304 751 ,
320 699 526 755 nubesque
539 696 832 754 pluentjussum
846 723 861 747 ‚
875 696 914 737 &
929 693 1031 739 salus
1060 695 1212 738 anima-

239 772 327 800 rum
353 756 616 814 germinabit:
643 769 725 799 non
740 752 945 798 exarescet
968 768 1168 812 unquam,
1183 753 1211 798 ὂ

238 817 378 871 Syria,
407 813 681 865 &Palaestinam
710 813 800 858 sons
830 814 989 857 Divinae
1022 813 1208 869 pietatis,

236 875 404 931 irrigans
434 872 656 918 universam
687 883 835 917 terram
866 900 880 925 ,
911 871 976 915 sed
1010 873 1210 929 praecipue

235 933 444 990 Regiones
461 932 579 984 istas,
611 933 677 976 ubi
692 932 793 976 olim
813 934 967 987 Regem
985 958 999 980 ‚
1030 946 1076 974 ac
1095 935 1212 974 Con-

240 993 415 1035 ditorem
431 990 540 1034 suum
559 990 698 1048 sydera
712 991 1014 1034 contuebantur
1027 1020 1039 1034 .
1054 990 1106 1033 0·
1128 989 1216 1034 seli-

241 1064 308 1093 ces
334 1051 567 1094 Provincias
584 1050 703 1093 toties
728 1050 961 1094 divinorum
978 1049 1123 1106 pedum
1141 1064 1213 1094 ve·

241 1108 363 1165 sslgiis
378 1108 654 1152 consecratas!
684 1109 735 1152 ad
753 1122 823 1153 vos
848 1109 872 1152 ὁ
893 1108 1030 1166 celesti
1051 1109 1211 1164 Regia...

238 1167 446 1211 descendit
475 1170 582 1211 Deus
610 1168 759 1220 homo,
789 1178 832 1211 ut
848 1170 1073 1212 exoriretur
1099 1168 1214 1211 habi-

241 1227 423 1270 tantibus
441 1227 636 1270 inumbra
650 1228 790 1271 mortis
802 1226 937 1271 oriens
950 1240 999 1270 ex
1013 1226 1098 1269 alto
1113 1253 1128 1278 ,
1143 1226 1214 1269 lux

237 1286 450 1340 Evangelii
479 1283 688 1341 affulgeret
716 1315 728 1328 .
756 1289 1001 1331 Commeant
1028 1283 1213 1342 quotidie

238 1343 288 1384 ad
307 1357 374 1384 vos
390 1357 436 1386 ex
468 1346 580 1386 Orbe
605 1344 793 1390 universo
817 1345 1149 1400 peregrinantes,
1176 1344 1218 1388 δι’.

238 1402 428 1444 fluctuum
443 1402 639 1459 procellas
653 1432 669 1455 ,
682 1413 946 1460 tyrannorum
972 1404 1100 1446 minas
1117 1416 1216 1446 con-

238 1470 452 1510 temnunt,
477 1470 521 1503 ut
550 1461 745 1519 religiofis
775 1462 906 1506 oculis
939 1462 1215 1507 venerabundi

238 1518 379 1561 colant
394 1518 523 1563 solum
537 1520 654 1569 istud,
669 1521 735 1564 ubi
757 1522 933 1576 legiones
947 1519 1211 1576 Angelorum,

237 1579 278 1620 δι
295 1577 587 1632 Apostolorum
610 1589 745 1623 coetus
771 1579 938 1623 Christo
959 1580 1139 1623 Domino
1160 1577 1217 1620 sa·

238 1633 501 1679 nullabantur
525 1651 539 1679 τ
569 1637 666 1694 quin
695 1649 804 1694 aquae
836 1638 1057 1681 vestrorum
1083 1636 1217 1681 flumi-

239 1707 360 1746 num,
392 1694 560 1750 perinde
588 1704 714 1754 atque
742 1695 895 1753 optima
927 1697 1108 1740 Balsama
1128 1726 1145 1750 ‚
1175 1697 1215 1739 &

205 1754 214 1762 '
241 1766 410 1811 gemme
424 1753 465 1795 in
483 1764 645 1799 exteras
663 1765 795 1799 terras
812 1757 1041 1800 avelluntur
1056 1780 1072 1805 ‚
1085 1768 1215 1813 eoque

240 1812 376 1866 pretio
401 1812 567 1867 Religio
593 1813 793 1858 fidelium
818 1828 898 1858 nnn
925 1816 1020 1859 raro
1053 1814 1135 1859 visa
1164 1813 1220 1858 est

241 1869 383 1914 emisse
409 1869 603 1917 beneficia
639 1871 908 1918 Divinitatise
930 1871 1131 1916 oblivioni
1146 1871 1221 1915 de-

241 1941 309 1971 rur
331 1928 499 1973 dextera
522 1928 653 1972 nostra
668 1958 683 1982 ‚
701 1928 727 1972 fi
746 1942 822 1980 non
838 1931 1136 1975 meminerimus
1150 1944 1222 1975 ve·

241 1988 308 2030 stri
321 2017 335 2038 ,
348 1986 376 2032 ὂ
399 1988 514 2044 Syria
531 2015 544 2039 ,
567 1988 607 2030 δι
623 1987 844 2034 Palaestinal
871 1992 910 2034 in
925 1990 1133 2035 Cathedra
1147 1994 1218 2036 Sa·

242 2046 462 2091 cerdotalis
478 2045 757 2103 Principatt'is3
771 2061 864 2091 cum
893 2049 1120 2093 hominibus
1153 2062 1219 2092 re·

241 2106 330 2147 stris
347 2104 608 2149 conversatus
619 2105 676 2148 est
696 2107 823 2159 Deus,
835 2109 876 2151 δι
889 2107 914 2152 ἐ
928 2107 1134 2151 littoribus
1151 2120 1220 2149 ve·

241 2164 329 2207 stris
347 2166 518 2207 Romam
544 2163 802 2222 adnavigavit
833 2168 1025 2222 Princeps
1042 2164 1221 2222 Apollo-

243 2222 379 2265 lorum
393 2250 409 2274 ,
423 2221 709 2264 constituturus
724 2225 765 2266 in
782 2224 983 2269 Vaticano
1003 2223 1222 2268 oraculum

241 2278 457 2336 Sapientiae
473 2279 784 2329 onnodoxae‚&
795 2282 845 2325 ad
862 2296 937 2335 vos
946 2282 1099 2339 semper
1115 2284 1223 2326 Pon·

241 2337 363 2381 tilicia
378 2338 562 2380 charitas
579 2351 660 2380 non
675 2340 988 2397 commigrabit?
1004 2343 1046 2384 dt
1059 2342 1222 2386 istarum

242 2396 477 2453 Regionum
501 2395 692 2442 causanti
707 2394 782 2442 suis
805 2401 1031 2444 rationibus
1044 2415 1220 2457 unquam

242 2455 460 2511 seiuneam
485 2455 779 2500 arbitrabitur?
800 2469 882 2500 non
909 2458 965 2501 ita
991 2460 1112 2515 plane
1136 2460 1222 2511 est,

246 2514 386 2557 dileat
421 2512 535 2563 Filii,
565 2511 728 2555 solicitis
754 2515 998 2569 Apostolicae
1010 2517 1224 2560 charitatis

246 2570 424 2616 excubiis
443 2569 654 2614 lustramus
672 2571 869 2616 Ecclelias
885 2573 1029 2616 uestras
1045 2574 1083 2616 in
1107 2574 1226 2619 Solio

247 2628 475 2686 Regalibus
505 2626 702 2687 obsequiis
723 2631 918 2682 exculto,
943 2631 1062 2676 saluti
1087 2633 1227 2678 vestrae

251 2686 468 2732 servientes
482 2714 496 2727 .
510 2690 616 2731 Cum
633 2697 765 2732 autem
779 2691 827 2733 ad
847 2692 932 2734 Vos
946 2692 1139 2750 progredi
1156 2690 1223 2748 ipfi

247 2751 491 2804 nequeamus
506 2775 519 2798 ,
536 2748 608 2790 hos
624 2747 826 2804 seligimus
839 2749 1079 2795 Sacerdotes
1095 2754 1227 2796 virtu-

250 2805 360 2849 tibus
375 2804 592 2870 opulentos
607 2833 625 2857 ‚
651 2807 856 2863 Sapientia
874 2808 1007 2852 claros
1020 2839 1035 2864 ,
1054 2812 1124 2869 qui
1152 2824 1227 2868 per

255 2863 491 2921 minitantes
506 2863 639 2921 pelagi
653 2866 854 2921 procellas
867 2895 881 2921 ‚
910 2881 1131 2926 properant
1151 2871 1227 2915 in.»

253 2927 407 2979 port'n's
423 2920 646 2981 tyrannici»
668 2924 814 2971 suvitid
827 2924 1067 2975 formidatos
1098 2957 1113 2980 ‚
1143 2943 1228 2973 non

256 2986 429 3032 aurum,
449 2989 519 3023 aut
534 2987 750 3037 'argentum
772 2996 992 3041 quarentes
1015 3015 1030 3039 a
1049 2988 1114 3035 sed
1136 3015 1152 3039 ‚
1182 2995 1230 3033 ut

256 3039 406 3082 animas
429 3039 556 3083 Vobis
582 3054 676 3098 cum
697 3041 785 3101 Jeiir
801 3045 965 3089 Christo
988 3047 1228 3093 lucrentur.

255 3099 330 3142 His
351 3090 472 3153 plane
484 3097 643 3141 debetis
662 3114 822 3147 ornnem
836 3117 959 3162 opem
977 3117 1099 3162 atque
1129 3121 1231 3164 ope-

257 3171 346 3200 ram
361 3155 527 3200 vestram
541 3156 760 3215 adjungere
772 3189 788 3212 ,
800 3176 850 3205 ne
861 3164 1111 3219 ingratiffimi
1125 3180 1233 3211 mor·

259 3215 405 3260 talium
421 3243 436 3266 ,
453 3229 523 3260 eos
537 3217 739 3264 charitatis
756 3219 891 3265 vestrae
915 3221 1108 3268 fructibus
1125 3239 1234 3268 care-

261 3272 344 3324 rt‘i'
369 3275 409 3320 in
428 3275 557 3319 aliena
578 3284 687 3320 terra
719 3281 955 3334 patiamini,
983 3286 1054 3343 qui
1080 3285 1234 3328 Patrias

262 3333 419 3385 exiliis,
445 3339 594 3390 paceni*
615 3336 804 3392 periculis
831 3349 985 3386 mutant
1010 3371 1025 3395 ,
1048 3353 1093 3385 ut
1121 3341 1234 3386 vobis

263 3391 440 3458 militent
454 3388 523 3434 sub
536 3397 720 3451 trophaeo
734 3398 882 3440 Crucis
896 3399 936 3442 in
949 3398 1086 3444 salutis
1102 3403 1234 3443 vellrae

262 3451 303 3514 δι’
318 3450 471 3493 Divinae
492 3453 631 3508 gratiae
646 3455 776 3510 spem.
810 3457 1013 3514 Praecipue
1043 3461 1141 3503 vero
1154 3460 1237 3501 Vo-

264 3507 324 3548 bis
346 3509 672 3554 commendamus
698 3514 936 3560 Sacerdotes
973 3518 1235 3574 Capucinos,

261 3578 364 3620 quos
378 3563 505 3608 Roma
518 3566 611 3612 istac
628 3570 876 3628 profesturos
904 3586 1023 3619 vocat
1044 3577 1066 3617 ἐ
1090 3576 1235 3620 Galliae

257 3626 408 3679 Regno
421 3623 555 3690 {unde
567 3639 651 3671 non
667 3629 786 3675 semel
803 3631 974 3677 felicitas
1004 3637 1042 3677 δε
1066 3635 1232 3677 victoria

256 3682 306 3724 ad
331 3692 537 3737 captivum
566 3687 776 3731 Orientem
803 3691 845 3733 in
876 3693 1234 3736 Christianiffima..

255 3739 389 3798 Claffe
404 3742 637 3804 navigavit:
660 3747 707 3789 iis
734 3749 840 3804 quali
861 3751 1091 3798 haereditate
1122 3751 1234 3797 vide-

2019 184 2170 263 3¹1

1271 290 1339 324 tur
1354 282 1492 326 relieta
1504 282 1647 325 eximia
1662 283 1844 337 'quaedam
1855 287 2026 332 charitas
2042 295 2080 334 in
2096 299 2242 338 Orien-⁴

1269 339 1392 384 talem
1414 342 1651 392 Ecclefiam,
1661 339 1804 396 eosque
1818 345 2032 396 credimus,
2048 353 2086 391 &
2102 354 2247 393 patria

1271 399 1474 454 glorifb&
1501 399 1745 443 Profeffione
1765 399 1991 456 Religionis
2017 433 2032 452 ,
2062 409 2245 450 &consp

1271 460 1329 502 lio
1346 460 1557 502 charitatis
1577 458 1665 501 satis
1683 458 1796 501 vobis
1810 461 2248 519 commendari-Neque

1272 520 1313 561 in
1328 518 1409 561 illis
1426 518 1597 562 deerunt
1611 517 1769 575 populis
1787 517 1922 561 vestris
1937 546 1951 568 ‚
1982 527 2053 560 aut
2067 523 2249 574 exempla

1275 580 1472 621 virtutum
1487 607 1501 629 ‚
1515 588 1583 620 aut
1599 580 1790 632 dogmata
1815 577 2023 633 Sapientiae
2039 606 2052 618 .
2081 577 2251 619 Utimini

1274 639 1420 681 Dilecti
1437 637 1555 688 filii,
1578 640 1701 679 tantis
1722 636 1860 688 Viris,
1888 646 2031 679 vocate
2049 638 2089 680 in
2122 640 2251 679 Arces

1271 698 1541 741 Ecclefiarum
1559 697 1775 739 vestrarum
1798 696 2032 739 auxiliarios
2057 697 2130 738 hos
2146 694 2254 736 mili·

1273 768 1336 800 tes
1350 785 1364 808 ,
1389 756 1515 799 Vobis
1530 769 1614 798 non
1640 755 1766 796 minus
1789 754 1980 806 ecoelo‚
2001 756 2121 810 quam
2139 755 2257 796 Vati.

1273 830 1376 859 cano
1402 817 1599 863 donatos,
1629 815 1682 856 ita
1696 816 1800 857 enim
1828 815 2103 858 &animarum
2135 812 2253 856 saluti

1272 874 1570 923 consuletis,&
1594 871 1859 917 Pontificatfis
1886 874 2047 915 maximi
2073 873 2257 930 patroci-

1276 933 1747 988 nium'promerebimini
1767 961 1781 973 .
1824 933 2146 987 Compleffimur
2177 944 2253 974 vos

1273 993 1453 1036 brachiis
1471 992 1707 1048 Apostolicae
1719 990 1947 1034 dilectionis
1957 1018 1973 1042 ,
1987 991 2123 1035 diletfti
2142 990 2254 1044 Filii,

1273 1052 1420 1107 quibus
1437 1049 1744 1094 beneficentiam
1757 1050 2066 1105 Omnipotentis
2096 1048 2254 1106 semper

1274 1110 1541 1166 flagitabimus
1559 1137 1576 1163 ,
1595 1113 1635 1152 δι
1649 1111 1861 1152 Paternam
1887 1109 2257 1153 Benediaionem„

1276 1168 1529 1225 impartimur
1543 1193 1555 1206 .

1394 1229 1547 1269 Datum
1574 1227 1714 1268 Romae
1740 1226 1846 1281 apud
1870 1230 2055 1269 Sanctam
2082 1227 2258 1269 Mariam

1276 1284 1476 1341 Maiorem
1512 1284 1582 1325 sub
1621 1283 1784 1326 Annulo
1816 1283 2027 1326 Piscatoris
2059 1284 2124 1325 die
2158 1298 2203 1325 vr
2221 1299 2257 1325 ι.

1277 1342 1518 1390 Decembris
1554 1356 1747 1387 annexu
1795 1340 2061 1386 Pontificatfis
2106 1342 2250 1384 Nostri

1275 1410 1398 1450 Anno
1423 1404 1607 1446 Octavo.

1334 1522 1506 1575 Autogr.
1520 1523 1563 1559 ln
1575 1520 1695 1561 Arcb.
1720 1523 1865 1563 Secret.
1894 1526 2009 1562 Brev.
2029 1519 2079 1561 ad
2099 1516 2256 1567 Princi3

1393 1591 1463 1634 pes
1487 1578 1756 1636 ἣρωσι-,βά
1772 1582 1869 1622 anni
1878 1580 2001 1634 praed.
2008 1576 2117 1635 fol.8
2124 1591 2167 1632 3.

1273 1727 1638 1746 ——-—’

1501 1816 1593 1868 Sac.
1614 1817 1717 1869 Rie.
1733 1818 2007 1890 Congregaetr‘o
2023 1852 2038 1868 .

1281 1964 1353 2013 De
1366 1962 1609 2029 Marty'rio
1638 1960 1773 2012 Servi
1797 1961 1884 2009 Dei
1907 1995 1922 2017 ,
1960 1962 2036 2008 Fr.
2054 1956 2260 2008 Caffiani

1314 2030 1613 2083 Nannetenfis
1629 2030 1769 2084 &cdo
1786 2031 2019 2098 Ethiopia
2036 2026 2259 2079 rescribit.

1325 2172 1568 2215 ORDINIS
1601 2169 2030 2213 CAPUCINORUM
2055 2195 2070 2218 ‚
2111 2169 2215 2211 SEU

1585 2230 1957 2272 GALLIARUM.

1282 2352 1494 2393 servorum
1514 2349 1592 2388 Dei
1603 2345 1739 2408 affini
1754 2344 1955 2401 Mar-tyrii
1971 2347 2268 2403 Agathan-gel&

1399 2407 1448 2457 19·
1463 2405 1631 2465 Caffianr'
1647 2405 1808 2448 ordinis
1829 2410 2120 2462 Capacinorum
2134 2436 2147 2448 .

1410 2525 1578 2578 Cceptis
1587 2552 1605 2578 ,
1618 2525 1658 2566 δι
1671 2524 1856 2577 perlectis
1874 2524 2138 2568 relationibus
2150 2524 2173 2567 a
2192 2527 2264 2566 Sa-=

1440 2595 1508 2622 cra
1533 2582 1866 2637 Congregatione
1889 2581 1940 2623 de
1963 2582 2270 2638 propaganda..

1287 2641 1387 2685 Pide
1399 2638 1464 2683 die
1476 2651 1536 2687 ⁸7·
1554 2641 1759 2683 Februarii
1780 2640 1900 2692 1648.
1916 2653 2050 2682 coram
2066 2638 2263 2682 Sanctissi-

1284 2712 1354 2743 mo
1375 2699 1455 2741 διε.
1482 2698 1688 2755 Rcfidurun
1702 2698 1919 2753 videfiapra'
1930 2697 2113 2755 βιζος.

1290 2935 1531 2994 Praetenlio
1546 2935 1625 2987 seu
1641 2935 1844 2989 instantia
1865 2942 1925 2989 R.
1945 2940 1995 2989 P.
2008 2936 2270 2990 Guardiani

1360 3006 1782 3073 Hierosolymitani
1799 3009 1855 3058 de
1883 3007 2020 3060 Missa
2049 3012 2093 3059 in
2111 3008 2275 3059 Eccle-

1362 3079 1435 3130 fiis
1469 3079 1865 3130 Miffionariorum
1894 3094 1999 3131 ante
2013 3078 2198 3131 Miffam
2226 3080 2272 3126 in

1363 3147 1563 3201 Ecclesia
1585 3151 1839 3202 Parochiali
1857 3150 2133 3203 celebratam
2164 3164 2272 3217 pro·

1365 3220 1560 3274 hibenda
1586 3224 1786 3287 rejicitur
1807 3257 1822 3272 .

1296 3354 1507 3394 Decretum
1520 3353 1836 3408 Congregate‘om'r
1853 3345 2112 3393 Particularis
2123 3348 2274 3402 alr'quo-

1349 3424 1441 3453 rum
1468 3425 1516 3453 ex
1531 3414 1637 3455 &ms
1655 3410 1832 3454 Patribus
1849 3410 2013 3463 negotiis
2046 3405 2162 3449 Fidei
2179 3409 2275 3449 Pro-

1345 3469 1992 3527 pagandaepraepffieisspeoialirer
2003 3467 2199 3520 deputatis
2197 3463 2277 3521 βα·

1344 3536 1423 3582 per
1438 3528 1551 3570 rebus
1579 3528 1810 3570 Sanfforum
1829 3530 2015 3569 Locorum
2041 3523 2183 3568 hahita
2210 3525 2273 3566 die

1353 3585 1423 3629 26-
1443 3588 1640 3639 {Ianuarii
1662 3588 1786 3628 1668.

1412 3701 1729 3745 Elatainstantia
1759 3701 1892 3746 Patris
1919 3701 2145 3746 Guardiani
2170 3703 2268 3746 Hie-

1438 3759 1787 3820 rosolymitani‚ut
1805 3760 2055 3806 Miffionariis
2067 3764 2271 3807 §aeeon-

2119 3835 2214 3876 gre·
