2508 4218
345 167 455 253 88

1041 163 1291 250 Manu
1299 184 1564 255 menta

287 308 450 353 minatis
474 310 719 356 Proceffibus
733 317 819 356 tam
840 311 1081 357 auctoritate
1097 314 1275 356 Ordina-

1330 312 1502 370 respecstu
1519 306 1775 354 Proceffuum
1797 306 2041 350 auetoritate
2071 308 2313 365 Apostolica'

287 370 347 411 ria
361 369 553 413 confeffls
565 400 580 423 ,
605 375 725 429 quam
742 373 982 416 auctoritate
1010 373 1239 431 Apostolica
1253 401 1269 426 ,
1328 374 1369 414 in
1386 373 1504 428 specie
1516 400 1532 421 ,
1564 369 1630 424 qui
1663 369 1811 423 pluries
1842 366 1894 408 ad
1909 366 2112 409 diversum
2130 366 2313 410 effectum

286 438 481 484 quatenus
496 430 623 474 adsint
637 459 653 472 .

1333 430 1552 473 examinari
1577 429 1758 478 debent,
1788 426 1940 467 dietum
1968 424 2206 480 stipendium
2237 426 2313 469 de.

408 489 559 531 Nono.
589 493 695 532 Cum
717 491 757 534 in
785 494 969 534 Decreto
996 493 1223 548 approbato
1246 491 1274 535 a
1333 492 1478 532 beatur
1493 501 1566 542 pro
1581 486 1711 528 tribus
1722 484 1856 527 dubiis
1872 481 2210 540 tantummempe
2234 484 2315 540 pri-

291 545 460 590 sci-rec.
474 550 642 591 Urbano
662 551 784 592 Vin.
811 552 879 592 die
898 563 960 592 12.
972 551 1111 593 Martii
1144 550 1268 603 1631.

288 603 477 661 impresso
490 606 530 648 in
544 606 689 650 libello
705 620 867 664 pag-57.
880 609 969 652 Sac.
986 609 1268 665 congregatio

286 663 533 720 cognoscens
549 692 565 715 ‚
581 666 692 721 quod
706 670 748 709 in
764 670 839 709 hac
857 681 918 716 re,
933 678 1079 722 utpote
1094 665 1267 724 graviffi-

286 736 354 764 ma
366 750 381 772 ‚
395 724 474 766 rit‘e
489 751 505 774 ‚
521 720 732 780 sanaeque
749 726 1054 781 procedendum
1066 727 1123 770 est
1136 753 1150 775 ‚
1169 738 1266 781 pro-

288 781 420 823 bibuit
446 782 638 825 omnibns
650 785 688 825 δι
721 783 887 838 lingulis
919 784 1098 827 Personis
1118 783 1264 826 Eccle-

287 840 444 882 ionicis
458 851 542 882 tam
558 840 829 891 secularibus,
844 842 964 897 quam
982 842 1264 897 Regularibus,

287 900 542 953 quantumvis
557 899 723 953 speciali
744 907 843 940 nota
856 900 1003 954 dignis,
1017 914 1068 942 ne
1087 899 1264 942 audeant

287 972 361 1014 per
378 953 444 1007 se,
474 955 541 998 vel
571 970 646 1011 per
658 956 762 999 alios
785 970 935 1012 capere
959 955 1264 999 informationes

288 1014 328 1057 su
335 1030 406 1069 per
423 1013 645 1056 Sanctitate
659 1041 676 1065 ‚
689 1025 757 1058 aut
773 1014 982 1058 Miraculis
997 1014 1178 1070 alicujus,
1193 1028 1267 1057 nee

290 1074 380 1116 ullo
397 1072 523 1114 modo
537 1074 751 1126 exquirere
767 1101 782 1125 ,
801 1084 869 1116 aut
894 1074 1083 1116 obtinere
1094 1072 1146 1115 ad
1163 1074 1266 1116 hunc

286 1131 471 1175 effectum
489 1129 805 1186 extrajudiciales
835 1130 1135 1176 testificationes
1151 1160 1167 1185 ‚
1196 1139 1267 1173 aut

286 1186 602 1245 subscriptiones
616 1217 631 1240 ,
644 1190 717 1233 sub
729 1189 863 1247 poenis
875 1191 1047 1235 arbitrio
1062 1192 1179 1247 ipsius
1197 1193 1268 1235 Sa·

286 1262 364 1294 crae
377 1249 722 1303 congregationis
734 1277 750 1301 ‚
767 1249 995 1307 infligendis
1013 1277 1029 1301 ‚
1044 1249 1147 1293 illud
1164 1263 1271 1292 con·

286 1307 487 1350 firmando
500 1306 606 1363 juffit
619 1336 636 1360 ,
663 1308 776 1364 quod
792 1308 1019 1365 hujusmodi
1046 1307 1268 1365 extrajudi·

286 1364 414 1409 ciales
437 1365 712 1409 attestationes
726 1381 809 1410 non
825 1368 951 1412 solum
981 1368 1165 1426 exquiri,
1195 1377 1266 1410 aut

286 1425 463 1469 obtineri
478 1438 560 1469 non
578 1425 741 1469 valcant
756 1455 771 1478 ,
786 1426 855 1470 sed
871 1425 1025 1481 rursus,
1051 1425 1163 1484 quod
1193 1427 1263 1468 ha-

285 1487 428 1527 &enus
441 1483 620 1527 obtentae
633 1514 649 1537 ‚
665 1484 743 1528 five
757 1486 796 1528 in
813 1484 992 1530 futurum
1008 1483 1240 1529 obtinenda
1251 1510 1267 1534 ,

285 1557 366 1587 non
382 1543 528 1586 faciant
543 1543 719 1599 aliquem
738 1546 908 1600 gradum
924 1545 1267 1601 probationis,ncc

285 1602 405 1645 inseri
423 1600 565 1657 poffint
580 1603 620 1644 in
635 1602 891 1647 Processibus
919 1613 1002 1646 tam
1017 1603 1237 1647 Ordinaria
1252 1628 1268 1653 ,

283 1662 406 1718 quam
421 1660 656 1716 apostolica
671 1662 912 1705 auctoritate
936 1659 1184 1706 fabricandis
1198 1688 1211 1702 .

409 1720 582 1763 Decimo
604 1748 616 1761 .
632 1720 947 1765 Sub-Promotor
970 1721 1085 1765 1²idci
1117 1723 1140 1765 a
1157 1722 1208 1764 R.
1224 1722 1268 1765 P·

284 1779 531 1822 Promotore
559 1778 778 1835 deputatus
789 1808 805 1831 ‚
836 1781 901 1822 cui
931 1793 1037 1823 onus
1067 1780 1265 1823 incumbit

287 1838 423 1892 primo
441 1837 536 1879 loco
555 1836 779 1893 spoliandi,
812 1839 851 1880 &
882 1838 1137 1881 examinandi
1168 1841 1267 1882 Pro·

283 1894 405 1938 cessus
417 1898 440 1951 (
454 1909 507 1938 ex
519 1896 662 1951 quibus
696 1898 848 1953 pendet
882 1896 1264 1941 beatificationum...

280 1956 322 1995 δι
342 1954 715 1997 canonizationum
738 1955 951 1998 substantia
1014 1955 1065 1997 ad
1081 1954 1263 1997 effectum

285 2009 491 2054 referendi
506 2012 639 2054 eidem
656 2013 887 2055 Promotori
906 2041 922 2066 ,
951 1957 1102 2055 :leben
1133 2009 1267 2068 hujus-

283 2070 396 2112 modi
426 2084 569 2113 munus
598 2070 899 2129 diligentiffime
912 2099 929 2125 ,
961 2086 1008 2115 ac
1039 2083 1132 2113 cum
1152 2068 1265 2112 omni

286 2131 422 2184 rigore
438 2128 663 2184 adimplere
674 2159 689 2181 ,
707 2145 755 2173 ac
771 2131 995 2173 summaria
1009 2157 1024 2182 ,
1036 2142 1123 2186 quoe
1136 2126 1266 2170 solent

282 2190 308 2232 a
325 2187 670 2231 procuratoribus
685 2187 791 2239 fieri,
803 2196 1018 2246 antequam
1032 2186 1141 2242 typis
1158 2199 1267 2228 man.

286 2246 436 2289 dentur
449 2272 466 2296 ,
477 2241 660 2288 conserat
676 2261 768 2291 cum
786 2246 1039 2291 Proccffibus
1051 2273 1066 2298 ,
1085 2242 1265 2288 iubsecu·
1287 2249 1290 2253 ’

284 2317 327 2351 ta
342 2302 598 2348 attestatione
612 2331 625 2354 ,
638 2306 747 2362 quod
768 2303 935 2350 suerunt
967 2301 1184 2362 peripsum
1202 2317 1267 2346 rc-

282 2360 365 2406 visa
377 2388 393 2412 ‚
411 2363 452 2405 δι
465 2364 504 2405 in
523 2364 707 2430 quolibet
721 2363 823 2408 solio
842 2363 881 2408 se
908 2362 1127 2409 subscribat
1142 2389 1158 2415 ,
1170 2374 1266 2404 ean·

282 2421 455 2477 demque
470 2420 546 2464 dili
577 2424 727 2468 entiam
757 2422 990 2469 conserendi
1021 2435 1116 2467 cum
1131 2433 1268 2465 exem-

283 2481 390 2539 plari
410 2492 530 2524 manu
550 2482 684 2539 cripto
699 2486 848 2527 iterum
863 2482 1006 2535 saciat,
1022 2481 1268 2539 postquam-a

286 2539 439 2582 suerint
464 2539 649 2596 impressa
665 2570 680 2593 ‚
711 2556 804 2587 cum
819 2542 963 2587 iterata
977 2539 1268 2597 subscriptione

285 2601 326 2641 in
341 2598 422 2643 fine
433 2623 449 2648 2
480 2612 601 2655 quam
632 2599 890 2659 subsequatur
918 2599 1160 2656 subscriptio
1172 2599 1212 2642 δι
1225 2599 1270 2641 fi-

286 2657 432 2713 gillum
460 2659 702 2705 secretarii:
739 2674 813 2704 nec
844 2671 939 2703 ante
956 2658 1158 2717 predieias
1173 2658 1264 2702 sub·

286 2715 525 2770 scriptiones
547 2718 685 2773 poffint
702 2730 785 2763 tam
799 2719 1066 2763 summarium
1079 2746 1095 2771 ‚
1107 2717 1268 2776 quim...

286 2771 596 2818 informationes
609 2778 807 2833 publicari
824 2775 894 2821 sub
918 2774 1155 2836 gravissimis
1175 2789 1264 2829 poe·

286 2834 348 2877 nis
364 2844 445 2877 tarn
457 2834 592 2892 quoad
627 2836 900 2882 Postulatorea
913 2863 929 2888 ‚
957 2837 1077 2895 quim
1106 2835 1270 2879 etiam-a

287 2893 421 2949 quoad
436 2891 715 2950 lmprefforem
729 2896 902 2940 arbitrio
920 2896 1013 2939 Sac.
1025 2898 1266 2950 congrega·

286 2952 407 2995 tionis
422 2975 438 2999 ‚
453 2952 519 2995 seu
534 2953 840 2998 Eminentiffimi
861 2953 1092 2999 cardinalia
1122 2949 1265 2998 Prose-

286 3009 340 3053 cti
377 3007 623 3066 inflligcndis
650 3041 664 3055 .
709 3013 901 3071 Idemque
941 3013 1267 3059 sub-Promotor

287 3069 308 3125 (
325 3077 525 3125 quatenus
541 3067 621 3126 ipse
636 3073 688 3114 D.
704 3075 924 3117 Promotor
938 3087 987 3117 es
1002 3070 1217 3131 diligenti,
1228 3072 1271 3115 δι

290 3138 480 3170 accurata
493 3128 686 3174 recisione
703 3129 870 3176 Process'
866 3146 961 3176 uum
975 3160 990 3185 ‚
1002 3145 1121 3189 quam
1136 3127 1271 3174 saccre

290 3185 393 3231 fiilet
408 3211 423 3234 ‚
438 3184 694 3231 neceffarium
714 3189 778 3234 rel
795 3202 1068 3247 opportunum
1083 3190 1243 3234 duxerit

288 3255 477 3288 teneatur
491 3246 604 3291 aliud
627 3250 895 3294 summarium
924 3249 1193 3304 obiessionale
1218 3261 1239 3291 a

290 3317 385 3347 com
414 3306 670 3351 robationem
699 3308 999 3364 oppofitionum
1029 3306 1238 3355 conficere
1252 3333 1268 3359 ,

289 3377 344 3420 qu
424 3365 810 3424 Sanconssregatio
831 3367 1051 3425 plurimum
1073 3366 1269 3425 expedire

291 3423 1043 3541 {33⁸⁰s2‘23302221÷s:.';222ff¹33
1072 3426 1268 3530 ³:02¹?ae

295 3540 644 3586 sub-Promotore
654 3544 927 3590 esaminando
941 3546 979 3590 in
995 3545 1177 3603 quolibet
1191 3542 1269 3588 du·

292 3598 360 3640 bio
377 3599 629 3655 persolvatur
640 3604 678 3646 ei
694 3603 934 3661 stipendium
947 3603 1090 3649 decem
1103 3602 1269 3647 ducato-

1329 563 1392 591 ma
1408 549 1510 597 vice,
1523 544 1685 602 quando
1697 542 1923 598 disputatur
1934 541 2154 595 Validitas,
2166 544 2309 586 secun-

1327 608 1378 649 da
1404 607 1492 647 vice
1505 631 1518 652 ‚
1541 603 1703 660 quando
1725 601 1952 657 disputatur
1976 597 2029 642 de
2044 601 2274 644 Virtutibus
2291 630 2310 653 ,

1326 668 1390 709 seu
1405 665 1456 707 de
1472 663 1674 718 Martyrio
1702 662 1741 702 &
1766 658 1879 703 causa
1893 659 2082 713 Martyrii
2102 685 2117 708 a
2133 661 2174 702 ἃ.
2186 662 2315 703 tertia.

1326 727 1414 767 vice
1427 752 1441 775 ‚
1457 726 1622 778 quando
1634 718 1866 777 disputatur
1880 718 1932 760 de
1942 717 2170 771 Miraculis,
2185 731 2307 774 quam

1326 784 1385 826 vis
1416 780 1708 838 disputationes
1738 777 1907 834 alicujus
1944 790 1996 820 ex
2026 775 2140 820 distis
2173 776 2309 819 dubiis

1324 842 1477 897 pluries
1490 840 1677 883 reiterari
1692 839 1907 893 contingat
1921 863 1936 887 ,
1949 835 2013 876 {eu
2030 836 2170 879 eadem
2186 834 2312 878 dubia

1328 902 1369 942 in
1388 896 1565 942 diversas
1579 898 1842 955 inspectiones
1870 908 1948 952 pro
1960 892 2134 938 faciliori
2171 892 2307 938 resolu

1330 958 1441 1000 tione
1472 956 1734 1001 dividantur.
2234 983 2237 987 -

1445 1015 1697 1060 Undecimo.
1731 1018 1808 1067 Et,
1839 1016 1931 1072 quia
1944 1015 2120 1060 materie
2137 1012 2316 1071 gravitas

1329 1076 1370 1117 δι
1382 1072 1558 1128 dignitas
1570 1074 1755 1128 exposcit
1766 1103 1783 1126 ,
1799 1085 1844 1117 ut
1860 1078 2134 1130 pertractetur
2146 1099 2161 1123 2
2172 1075 2213 1116 &
2244 1071 2311 1115 di·-

1327 1135 1490 1190 rigatur
1502 1133 1526 1176 a
1539 1132 1648 1174 Viris
1664 1141 1767 1174 notae
1784 1133 1997 1187 probitatis
2008 1159 2023 1183 2
2036 1130 2310 1189 experientiae,

1327 1191 1549 1247 &peritioe‚
1562 1189 1717 1232 censuit
1748 1191 1838 1232 Sac.
1854 1192 2162 1247 congregatio,
2192 1187 2310 1246 quod

1329 1251 1381 1294 ad
1394 1247 1694 1293 conficiendum
1729 1258 1808 1291 tam
1841 1247 2157 1292 Insormationes
2190 1248 2230 1293 in
2249 1243 2311 1296 fae

1328 1312 1396 1354 Εὶο
1410 1338 1426 1361 ,
1439 1313 1559 1364 quim
1575 1309 1800 1351 summaria
1815 1333 1828 1358 ,
1842 1307 1884 1350 in
1897 1308 2044 1365 quibus
2059 1303 2307 1364 potiffimt‘tm

1327 1367 1502 1413 consistit
1520 1365 1741 1410 Causarum
1774 1366 1931 1421 pondus
1944 1392 1960 1414 ³
1973 1365 2220 1410 assumantur
2247 1361 2320 1414 so··‚

1328 1428 1413 1471 litm
1447 1430 1738 1470 Procuratores
1770 1424 1954 1482 Collegii
2001 1425 2114 1469 Sacri
2160 1422 2323 1470 Palatii

1329 1484 1552 1542 Apostolici
1568 1513 1583 1536 ‚
1598 1483 1816 1528 tribuendo
1847 1482 2167 1528 Poilulatoribus
2190 1481 2311 1532 liber·

1328 1556 1454 1589 tatem
1467 1544 1645 1600 eligendi
1668 1558 1716 1586 ex
1734 1542 1844 1586 dicto
1858 1546 1988 1587 Cnetu
2002 1571 2017 1594 ,
2032 1556 2153 1601 quem
2171 1540 2310 1584 volue-

1330 1606 1410 1648 rint
1424 1633 1438 1656 ‚
1451 1602 1675 1647 dummodo
1690 1602 1864 1659 quilibet
1879 1615 1929 1646 cx
1945 1603 2004 1646 cis
2018 1616 2097 1645 non
2111 1598 2224 1657 poffit
2237 1611 2312 1644 eo-

1330 1663 1426 1706 dem
1458 1672 1646 1719 tempore
1675 1661 1921 1718 patrocinari
1960 1659 2098 1718 plures
2130 1657 2314 1709 Causas,

1329 1723 1448 1778 quim
1462 1732 1639 1779 quatuor
1651 1749 1666 1771 ‚
1697 1720 1748 1763 ad
1765 1721 1842 1764 boc
1858 1747 1873 1773 ‚
1903 1729 1947 1763 ut
1960 1720 2018 1764 eis
2035 1717 2191 1765 facilius
2205 1730 2310 1775 ope-

1330 1795 1419 1824 ram
1450 1781 1548 1824 dare
1579 1778 1720 1836 possint
1735 1808 1749 1833 ,
1782 1778 1852 1822 sub
1877 1793 2000 1836 poena
2032 1776 2304 1822 inhabilitatis

1328 1839 1497 1942 {tulpffis
1512 1838 1722 1942 ‘lc’fflt'ib‘di'
1741 1839 1781 1882 in
1811 1838 1904 1882 casu
1931 1835 2308 1939 contritvtengosas

1400 1910 1503 1942 iceat
1551 1912 1594 1941 ar
1657 1910 1752 1939 usin
1797 1910 1942 1939 uocum
1973 1911 2023 1941 ue
2072 1909 2094 1938 a
2117 1909 2141 1937 u
2191 1909 2214 1937 a
2292 1918 2312 1944 ,

1328 1957 1630 1999 rationabiliter
1642 1912 1795 2008 tamen}
1806 1956 1844 1997 δι
1858 1912 2008 2011 ρτεὲὶι
2022 1952 2190 1996 licentia
2203 1949 2318 1995 Emis

1328 2012 1539 2056 nentiffimi
1557 2013 1743 2057 Ponentis
1758 2040 1773 2063 ,
1788 2022 1946 2056 mutare
1961 2013 2303 2063 Procuratorem5

1325 2070 1551 2116 dummodo
1580 2070 1683 2114 alius
1707 2071 1747 2113 in
1774 2069 1853 2127 ejus
1868 2068 2006 2115 locum
2034 2066 2310 2124 subrogandus

1327 2129 1371 2173 tit
1385 2131 1438 2173 de
1463 2130 1609 2173 eodem
1623 2129 1820 2184 Collegio
1833 2155 1848 2182 ‚
1876 2131 1917 2172 δι
1931 2144 2014 2174 non
2029 2129 2173 2173 habeat
2185 2127 2304 2171 into-

1326 2198 1415 2232 tum
1432 2187 1566 2243 plures
1582 2186 1734 2230 Causas
1749 2216 1765 2238 ,
1787 2191 1908 2243 quam
1922 2201 2096 2246 quatuor
2111 2216 2123 2228 ·

1441 2244 1699 2288 Duodecimn
1712 2269 1723 2282 .
1736 2244 1939 2287 Advocati
1957 2249 2055 2290 vero
2065 2248 2116 2289 ad
2132 2245 2321 2293 scrinea-1

1326 2303 1476 2349 dumin
1493 2305 1593 2362 Jure
1620 2299 1755 2345 affumi
1780 2301 1958 2345 debeant
1985 2303 2035 2345 ad
2054 2302 2216 2345 libitum
2233 2308 2312 2350 Poev

1327 2363 1563 2408 stulatorum
1577 2391 1593 2415 ‚
1610 2361 1836 2405 dummodo
1849 2360 1922 2404 lint
1947 2374 1997 2406 cx
2011 2359 2207 2416 collegio
2218 2365 2313 2407 Sae-

1328 2421 1626 2468 Consistorialis
1653 2421 1769 2465 Aule
1783 2446 1796 2468 2
1828 2418 1895 2464 vel
1908 2432 1959 2463 ex
1970 2420 2192 2464 duodecim
2222 2419 2316 2463 aliis

1329 2482 1563 2539 approbatis
1591 2482 1615 2526 ὲ
1638 2483 1752 2523 Sacra
1774 2481 2131 2536 congregatione3
2162 2478 2218 2522 ita
2251 2490 2312 2522 ta-

1327 2554 1419 2585 men
1434 2569 1452 2593 ,
1472 2550 1517 2583 ut
1532 2538 1701 2597 quilibet
1714 2551 1854 2583 eorum
1882 2536 1950 2583 sex
1977 2539 2135 2583 tantum
2155 2535 2306 2583 Causas

1329 2599 1576 2659 patrocinari
1591 2596 1704 2656 possit
1718 2625 1732 2640 .

1449 2658 1844 2702 Decimotertib.pto
1855 2657 2044 2702 mercede
2059 2666 2189 2700 autem
2207 2657 2313 2713 pre-⁹

1325 2715 1589 2768 diflorum0ac
1602 2717 1722 2762 etiam
1739 2716 2040 2770 Notarii,Sacra
2065 2718 2309 2772 congrega-

1329 2775 1504 2877 tiqjuffit
1520 2775 1668 2820 servari
1696 2776 1825 2876 Tarag
1844 2773 2209 2875 ab·ea‚dil‘i.genter
2241 2787 2309 2875 rei-

1328 2842 2312 2997 3354251523151¹¹1⁰a⁰÷2¹‘'⁶⁰:2¹‘13225223355

1345 2966 1475 2997 nen.

1444 3010 1776 3070 Decimoquartb.
1791 3012 1901 3056 Cum
1916 3012 2038 3058 etiam
2050 3009 2311 3057 observatum

1331 3068 1451 3115 fuerit
1482 3100 1498 3125 ,
1528 3071 1624 3129 sepe
1656 3070 1926 3115 Postulatores
1958 3071 2056 3115 dare
2089 3069 2314 3127 scripturas

1331 3128 1588 3176 Medicorum
1605 3158 1621 3183 ‚
1648 3129 1710 3174 vel
1739 3131 2039 3188 Chirurgorutn
2071 3141 2146 3187 pro
2157 3123 2313 3172 confir·

1331 3192 1507 3235 nuatione
1525 3188 1816 3234 Miraeulorum
1832 3216 1846 3241 ,
1877 3191 1916 3233 δι
1929 3201 1978 3232 ex
1993 3189 2070 3234 alia
2096 3195 2210 3244 parte
2225 3197 2306 3228 non

1329 3245 1452 3293 suerit
1475 3247 1638 3293 solitum
1659 3247 1892 3305 responderi
1946 3262 1989 3292 cr
2016 3248 2171 3292 Peritos
2196 3239 2302 3301 ejus-

1327 3306 1421 3350 dem
1438 3305 1723 3365 professionis,
1744 3306 1837 3352 ideo
1861 3307 1899 3352 vi
1933 3316 2027 3353 etur
2049 3303 2307 3351 neceffarium

1328 3367 1377 3410 ad
1395 3366 1500 3418 hoc,
1530 3376 1576 3411 ut
1592 3365 1879 3424 respondeatur
1906 3363 2120 3412 secundum
2147 3372 2305 3412 artem,

1356 3426 1435 3469 uod
1454 3425 1792 3471 Eminentiilimus
1808 3427 1966 3472 Poncns
1993 3422 2160 3481 deputet
2177 3434 2227 3465 ex
2241 3417 2306 3463 of·

1325 3440 1448 3535 acio,
1483 3482 1661 3539 secreto,
1691 3500 1738 3530 ac
1761 3486 1911 3543 provio
1940 3481 2304 3547 juramentoaliutn

1332 3545 1539 3590 Medicum
1569 3547 1610 3590 Gt
1634 3545 1882 3601 Chirurgum
1905 3540 2171 3587 celebriorem
2191 3570 2205 3594 ,
2235 3551 2308 3596 qua

1328 3602 1567 3661 respondeat
1593 3619 1669 3663 pro
1699 3603 1871 3649 veritate
1899 3600 1949 3646 ad
1963 3598 2143 3645 effectum
2160 3598 2307 3646 viden-

294 3670 382 3698 tum
397 3661 483 3703 auri
499 3662 771 3719 proscriptum
794 3665 835 3707 in
865 3665 1048 3708 Decretis
1064 3661 1261 3720 generali·
1324 3662 1396 3716 di,
1425 3677 1477 3708 an
1502 3662 1642 3711 ass'etta
1661 3661 1858 3709 Miraculs
1881 3660 2081 3708 excedant
2106 3661 2213 3706 vires
2230 3670 2307 3702 na-

295 3715 367 3756 b⁸⁸
380 3720 540 3773 Ρδιιότ.
556 3735 650 3767 cum
662 3722 943 3768 declaratione
958 3734 1121 3777 tamen,
1148 3719 1259 3780 quod
1322 3731 1444 3767 turn.

2171 3777 2248 3823 Dic
