2508 4218
974 155 1437 276 eApostolica
1464 225 1481 242 .

229 314 337 360 mino
365 307 514 354 Nostro
529 336 541 359 ‚
556 319 646 351 cum
675 311 772 349 voto
786 304 955 361 ejusdem
972 309 1212 362 Congrega-

227 371 351 418 tionis
377 363 873 417 Sae.Rituum,concessa
901 365 979 413 fuit
1006 367 1209 408 Fratribus

227 424 572 476 conventualibus
595 422 770 475 eiusdem
799 424 967 468 Ordinis
987 429 1030 469 S.
1047 425 1206 467 Franci·

229 489 284 532 sci
296 515 310 538 ‚
327 495 371 530 ut
387 484 540 526 constat
554 498 603 527 ex
619 486 799 527 Decreto
815 483 990 539 ejusdem
1005 484 1207 527 Sac.Con·

231 542 474 605 gregationis
489 540 560 586 sub
571 543 640 587 die
653 544 900 600 14.Januarii
926 541 1125 598 praesentis
1139 558 1210 586 an-

230 607 272 650 ni
293 605 411 648 1612.
425 604 466 645 δι
478 616 528 645 ex
542 602 671 645 literis
688 601 915 657 patentibus
931 601 1130 657 expeditis
1141 630 1155 652 ‚
1169 602 1208 647 ει

231 662 467 719 subscriptis
482 662 531 704 ab
548 659 828 714 illustriffimo,
853 662 895 702 &
911 659 1211 703 Reverendiffi-

229 736 299 766 mo
317 725 366 765 D·
382 717 602 768 Francisco.
623 719 821 776 Episcopo
833 719 983 762 Ostien.
1000 719 1210 762 Cardinali

230 779 423 838 deJojosa
450 778 518 822 sub
532 779 598 823 die
612 789 679 832 30.
709 777 887 826 eiusdem
918 780 1213 836 menfisJanua-

230 842 279 885 rii
295 852 308 882 t
324 837 528 882 noviffime
554 839 654 883 vero
678 850 773 882 cum
800 840 958 881 Fratres
987 837 1214 894 capucini,

172 919 175 924 ·
229 899 299 956 qui
321 897 389 941 sub
409 898 546 941 eadem
562 897 721 953 Regula
743 897 873 939 Sancti
890 898 1088 940 Francisci
1107 896 1211 939 rnili-

228 967 333 1007 tant,
347 955 518 1000 eandem
533 958 703 1013 gratiam
713 954 1087 1008 Observantibus‚&
1103 958 1214 999 Con-

228 1014 484 1060 venrualibus
496 1014 673 1069 ejusdem
689 1016 855 1058 Ordinis
871 1015 1100 1059 concessam
1111 1040 1126 1064 ‚
1147 1017 1213 1057 ha·-

226 1077 326 1119 bere
337 1100 352 1124 ‚
366 1074 407 1117 δι
419 1074 597 1131 gaudere
610 1072 896 1132 postulassent,
913 1076 1119 1131 proposito
1139 1075 1209 1116 hu·

225 1132 576 1196 jusmodinegotio
605 1135 645 1178 in
661 1132 801 1177 eadem
824 1134 1214 1191 Congregationea

228 1197 324 1240 Sac.
341 1193 509 1237 Rituum
529 1193 582 1236 ab
596 1192 873 1245 Illustrissimo,
886 1194 926 1234 δι
939 1190 1215 1236 Reverendis-

227 1253 327 1296 simo
342 1251 515 1294 Domino
525 1251 738 1296 Cardinali
751 1250 990 1295 crescentio
1008 1250 1076 1294 sub
1090 1250 1156 1293 die
1173 1262 1213 1301 7.

227 1311 432 1370 praesentis
450 1310 587 1354 menfis
597 1309 693 1367 Julii
709 1338 724 1360 ,
743 1310 898 1353 Eadem
913 1310 1214 1354 Sac.Rit.Cou—

228 1368 418 1429 gregatio
441 1366 593 1411 censuit
618 1366 730 1425 posse
759 1367 906 1412 dietam
930 1369 1101 1426 gratiam
1115 1382 1216 1411 con·

228 1428 318 1475 cedi
340 1429 381 1470 δι
411 1425 605 1483 predictis
632 1426 840 1471 Fratribus
865 1427 1083 1484 Capucinis
1111 1427 1217 1482 ejus-

228 1488 324 1533 dem
352 1486 515 1530 Ordinis
541 1485 673 1530 saneti
691 1485 919 1540 francisci,
935 1487 959 1529 fi
976 1486 1218 1531 Sanssiffimo

228 1545 409 1591 Domino
430 1545 579 1590 Nostro
598 1545 825 1602 placuerit,
850 1548 889 1590 δι
914 1547 1014 1590 faeta
1039 1559 1112 1603 per
1130 1549 1217 1590 Nos

228 1605 429 1650 relatione
445 1605 498 1648 de
520 1604 707 1661 praedieto
727 1604 840 1649 sensu
868 1605 1214 1662 Congregationis

228 1665 369 1709 eidem
397 1663 644 1708 Sanfliffimo
669 1667 781 1710 D.N.
800 1665 925 1709 Paulo
942 1670 1057 1721 Papa
1074 1668 1124 1708 V.
1138 1666 1213 1707 in..

232 1723 493 1768 Concistorio
511 1723 753 1775 secreto,hac
769 1723 833 1768 die
846 1723 1097 1781 infraicripta
1116 1729 1216 1768 San-

228 1784 345 1827 &itas
370 1784 448 1827 Sua
470 1783 610 1827 annuit
627 1781 915 1836 ,&conceffit,
929 1794 992 1836 ut,
1007 1785 1104 1827 ficut
1127 1786 1218 1827 Fra—

226 1851 317 1888 tres
329 1841 601 1886 observantes
616 1871 631 1896 ,
655 1844 694 1885 &
720 1844 883 1887 Fratres
906 1842 1215 1888 conventuales

232 1901 398 1947 Ordinis
414 1902 542 1946 Sancti
561 1897 753 1945 Francisci
767 1901 929 1959 possunt
951 1902 1078 1946 libere
1092 1904 1158 1956 ,δι
1170 1903 1215 1944 li-

233 1959 320 2001 cite
335 1959 493 2015 singulis
508 1961 689 2003 Sabbatis
702 1975 784 2004 non
812 1961 1016 2017 impeditis
1035 1959 1135 2004 sesto
1147 1975 1219 2004 no·-

229 2015 326 2060 ‘vem
342 2016 561 2059 lectionum
578 2019 748 2062 recitare
761 2020 952 2061 officium
965 2020 1218 2070 Conceptio-

230 2075 298 2121 nis
320 2078 361 2118 Β.
377 2079 434 2118 Μ.
456 2077 508 2119 V.
532 2076 601 2118 sub
614 2075 695 2118 ritu
720 2074 996 2130 semiduplici,
1012 2075 1066 2116 ita
1086 2075 1127 2115 δι
1152 2073 1217 2114 iti-

231 2134 327 2178 dem
350 2132 541 2177 officium
560 2134 706 2177 eodem
722 2133 846 2174 modo
858 2158 874 2180 ‚
896 2135 936 2172 δι
951 2141 1139 2183 tempore
1151 2144 1216 2171 rc-

233 2195 363 2239 citare
388 2191 560 2248 poffint,
582 2194 622 2231 &
647 2192 803 2229 valeant
818 2199 894 2242 pet
908 2195 1042 2229 totum
1058 2186 1217 2230 Orbem

228 2253 395 2296 Fratres
410 2243 609 2298 capucini
633 2241 808 2299 ejusdem
833 2243 998 2287 Ordinis
1025 2249 1067 2288 S.
1088 2247 1216 2288 Fran-

229 2306 321 2350 cisci
334 2333 349 2356 ‚
373 2305 414 2346 δι
444 2301 646 2345 Moniales
661 2330 676 2354 ‚
707 2316 793 2358 quae
823 2301 975 2348 eisdem
1006 2305 1215 2348 Fratribus

227 2364 451 2420 capucinis
480 2362 647 2404 subditae
669 2360 771 2405 lint:

349 2425 396 2467 ln
413 2436 586 2479 quorum
600 2422 782 2466 omnium
799 2451 814 2475 ,
839 2423 880 2466 δι
905 2423 1150 2480 singulorum
1165 2422 1213 2467 fi-

229 2483 397 2534 dem&
412 2481 683 2525 testimonium
698 2483 906 2537 presentes
925 2499 995 2540 per
1009 2482 1213 2527 infrascri-

227 2554 345 2602 ptum
369 2542 511 2586 nostre
534 2542 875 2598 congregationis
911 2545 999 2587 Rit.
1030 2546 1216 2587 Secreta-

230 2603 338 2647 rium
365 2600 451 2644 fieri
467 2599 658 2655 juffimus,
671 2615 791 2644 manu
807 2602 939 2645 nostra
954 2604 1114 2659 propria
1126 2602 1217 2647 sub-

212 2659 664 2723 ·scripfimus,&nostri
685 2659 790 2704 soliti
821 2660 938 2717 sigini
966 2661 1217 2718 impressione

230 2720 375 2764 muniri
392 2717 561 2763 fecimus
575 2748 591 2772 ,
613 2722 684 2762 hac
701 2719 768 2763 die
789 2720 852 2762 16.
870 2720 1008 2764 meniis
1028 2721 1122 2777 Julii
1144 2735 1216 2764 an-

227 2792 285 2823 no
309 2779 472 2822 Domini
496 2780 615 2823 1612.
636 2775 898 2822 Pontificait'is
923 2783 1021 2824 vero
1035 2778 1214 2835 ejusdem

229 2836 464 2883 Sanclissimi
477 2838 518 2882 in
534 2837 698 2882 Christo
718 2839 851 2883 Patris
866 2840 931 2888 .&
947 2840 1106 2882 Domini
1124 2842 1214 2882 Νο-

227 2897 300 2941 firi
329 2896 492 2940 Domini
516 2897 628 2941 Pauli
654 2896 802 2941 Divina
827 2898 1094 2943 Providentia
1128 2901 1207 2942 Pa-

227 2969 286 3015 pae
311 2955 362 2998 V.
381 2958 501 2998 Anno
511 2957 668 3000 OStavo
682 2981 697 2996 .

344 3076 408 3119 Ex
425 3073 597 3116 Archino
611 3076 753 3117 secret.
771 3078 914 3132 congr.
928 3075 1216 3136 regcstmuens:

404 3131 458 3184 ὰ
473 3137 569 3176 anni
575 3134 706 3192 praed.
711 3143 808 3193 pag.
811 3148 840 3192 9
842 3150 886 3190 3.

235 3253 330 3284 ——i

528 3266 1211 3286 ———————

231 3369 369 3422 Ordo
417 3374 461 3421 in
501 3371 734 3422 recitando
777 3372 993 3441 praedisto
1036 3368 1215 3423 Officio

304 3440 607 3511 prescribitur
626 3479 640 3492 .

322 3601 568 3650 Anfflffimus
584 3609 635 3651 D.
651 3609 715 3649 N..
731 3605 893 3656 Paulus,
908 3604 1054 3646 Divina
1070 3603 1211 3659 provi-

340 3661 477 3704 dentia
493 3668 597 3722 Papa
617 3669 668 3710 V.
681 3675 851 3722 propter
863 3664 1047 3705 eximiam
1075 3662 1126 3704 sui
1140 3663 1211 3703 de-

165 3772 173 3778 ,
234 3720 443 3763 'ostonem
455 3746 471 3769 s
493 3735 589 3778 erga
600 3723 905 3768 Immaculatam
921 3722 1098 3776 Deiparae
1113 3720 1208 3762 Vir-

234 3778 335 3831 ginis
350 3783 692 3836 Conceptiouem,
704 3795 810 3825 anno
819 3783 860 3826 16
870 3796 929 3825 ιε.
945 3780 1012 3823 die
1039 3779 1206 3834 16.Julii
1223 3829 1232 3838 ·

341 3842 459 3888 som.
499 3842 577 3884 Vll.

2073 204 2182 290 19

1271 307 1458 352 conceffit
1478 321 1550 365 per
1576 309 1741 351 Sacram
1769 310 1935 355 Rituum
1952 318 2246 375 Congregatfoss

1270 382 1362 411 nem
1382 396 1396 420 ‚
1423 367 1532 424 quod
1547 380 1685 409 omnes
1702 371 1863 413 Fratres
1893 374 2092 425 Capucini
2116 368 2250 423 sanai

1267 427 1464 470 francisci
1508 426 1695 468 omnibus
1740 428 1884 472 diebus
1913 430 2097 472 Sabbatis
2140 435 2160 486 (
2193 436 2250 477 fe-

1265 486 1324 528 sto
1354 499 1500 528 novem
1528 487 1764 529 Leetionum
1791 502 1843 530 eo
1869 489 1937 530 die
1969 502 2252 536 occurrente..

1270 559 1350 587 non
1379 544 1581 600 impeditis
1610 544 1628 598 )
1658 544 1801 600 possint
1831 549 2004 588 recitare
2028 546 2253 592 Officium...

1269 604 1853 659 ImmaculstaeConceptionis
1882 604 1951 649 sub
1980 607 2065 647 ritu
2079 602 2254 648 semidu-

1271 664 1394 719 plici.
1425 661 1503 705 Sed
1522 662 1614 717 quia
1629 663 1735 705 ordo
1747 663 1786 706 in
1808 665 1992 706 omnibus
2021 663 2175 718 semper
2198 663 2257 706 est

1271 722 1504 768 laudabilis,
1520 720 1612 764 ideo
1626 732 1668 764 ut
1682 736 1823 765 omnes
1849 726 2077 774 Lectiones,
2088 737 2173 778 quae
2186 735 2255 776 per

1274 792 1404 825 totam
1445 782 1640 823 octavam
1678 780 1927 826 Sanetissimae
1962 783 2258 838 Conceptionis

1272 839 1622 892 habentur‚etiam
1641 855 1714 896 per
1728 839 2017 893 annum‚suum
2047 843 2259 897 proprium

1273 899 1485 943 obtineant
1500 898 1635 942 locum
1649 925 1663 948 ,
1679 898 1891 944 serventur
1913 912 1957 944 ut
1977 898 2077 943 infra
2089 930 2101 941 .

1390 962 1435 1001 ln
1469 959 1599 1014 primo
1632 962 1848 1003 Nofiurno
1878 961 2036 1015 semper
2071 961 2261 1016 legantur

1276 1020 1483 1063 Lectiones
1497 1018 1550 1059 de
1565 1018 1762 1074 scriptura
1774 1030 2019 1064 occurrente
2034 1045 2048 1068 ‚
2069 1033 2154 1075 φιτ
2169 1031 2262 1060 cum

1274 1079 1396 1123 certis
1421 1075 1672 1133 temporibus
1702 1091 1781 1121 non
1799 1080 2023 1123 habeantur
2039 1107 2051 1130 ,
2071 1089 2168 1120 tunc
2201 1077 2261 1119 le·

1274 1138 1415 1195 gendae
1425 1147 1568 1186 erunt,
1581 1150 1669 1192 quae
1692 1136 1774 1181 diei
1794 1139 1906 1181 Festo
1937 1138 2026 1181 sunt
2041 1137 2236 1193 affignatae
2251 1165 2265 1179 .

1428 1195 1647 1250 insecundo
1669 1196 1718 1243 &⁹
1731 1197 1851 1239 tertio
1869 1197 2073 1240 Naffurno
2089 1222 2102 1236 .

1391 1252 1591 1297 Mensibus
1602 1254 1781 1308 januarii
1797 1283 1812 1306 ,
1840 1256 1881 1297 δι.
1901 1253 2103 1297 Februarii
2117 1251 2262 1295 Sermo

1274 1312 1538 1364 Bel-lomim,
1569 1326 1654 1369 qua:
1683 1313 1724 1356 in
1754 1313 1840 1371 ipso
1870 1313 1936 1356 die
1960 1311 2261 1368 Conceptionis

1277 1376 1503 1418 hahentur.

1393 1430 1595 1475 Menfibus
1628 1433 1792 1483 Martii,
1822 1434 1862 1476 δι
1892 1431 2075 1489 Aprilis,
2104 1443 2189 1487 quae
2203 1428 2266 1480 se-f'

1277 1491 1406 1535 cunda
1420 1492 1487 1532 die
1506 1489 1608 1534 infra
1622 1494 1816 1534 Oe'tavarn
1833 1493 2032 1534 habentur
2047 1517 2060 1531 .

1397 1550 1601 1594 Mentibus
1619 1551 1718 1608 Maji
1732 1577 1747 1600 ,
1776 1551 1817 1592 δι
1829 1551 1935 1607 Junii
1950 1579 1965 1603 ,
1988 1562 2076 1608 φιτ
2089 1556 2265 1604 quarta..

1275 1610 1343 1654 die
1357 1610 1560 1653 habentur
1571 1638 1585 1651 .

1389 1668 1590 1712 Mentibus
1601 1667 1695 1726 Julii
1708 1698 1726 1721 ,
1741 1669 1907 1727 Augusti
1922 1698 1937 1723 ,
1949 1671 1989 1713 δι
2004 1666 2269 1725 Septembris,¹

1276 1743 1361 1788 quae
1390 1728 1497 1773 sexta
1512 1726 1581 1771 die
1602 1730 1831 1771 habentur.

1396 1786 1597 1834 Mentibus
1611 1788 1798 1831 Ociobris
1809 1817 1823 1839 ,
1837 1787 2106 1839 Novembris,
2119 1788 2158 1829 &
2177 1787 2261 1828 De-

1276 1849 1464 1896 cembris,
1478 1861 1525 1889 ca
1539 1875 1554 1899 ,
1570 1862 1656 1904 φιτ
1669 1847 1794 1904 polita
1809 1846 1897 1892 sunt
1911 1848 1979 1892 die
1991 1850 2136 1892 οᾶινο
2162 1844 2266 1902 ejus-

1277 1908 1369 1952 dem
1395 1907 1656 1950 solemnitatis
1671 1935 1685 1948 .

1392 1966 1634 2009 Notandum
1648 1965 1702 2010 est
1717 1964 1882 2010 tandem
1914 1980 1990 2022 pro
2005 1962 2146 2008 Mense
2184 1965 2269 2005 De·

1279 2020 1478 2066 cembris,
1500 2021 1610 2074 quod
1641 2023 1815 2062 Sabbato
1845 2024 2081 2065 immediate
2109 2033 2269 2064 antece·-

1278 2080 1401 2120 dente
1417 2078 1605 2133 Vigiliam
1621 2078 1860 2122 Natiuitatis
1891 2079 2053 2122 Domini
2071 2108 2085 2131 ,
2114 2093 2198 2122 non
2218 2078 2267 2122 fit

1277 2135 1466 2176 Officium
1494 2135 1547 2177 de
1577 2133 1817 2176 Sanctiffima
1850 2140 2168 2190 conceptione,
2201 2136 2268 2180 sed

1276 2193 1331 2234 de
1361 2192 1504 2244 Feria·‚
1531 2192 1708 2248 eoquod
1733 2195 1975 2247 Antiphonae
2007 2195 2049 2236 in
2070 2194 2269 2237 Laudibus

1280 2253 1346 2294 suo
1371 2252 1537 2308 proprio
1560 2253 1656 2295 loco
1684 2249 1880 2308 affignatoe
1910 2266 2117 2310 nunquam
2146 2254 2265 2309 omit-3

1393 2433 1568 2486 Exempl.
1597 2431 1640 2473 in
1667 2433 1936 2490 'lypograpra
1963 2438 2140 2478 Camere
2157 2436 2265 2476 Aoo-

1437 2491 1589 2547 stolae
1605 2492 1827 2549 inprffam
1841 2508 1883 2534 m
1903 2494 2075 2537 Archino
2084 2494 2268 2548 general!

1451 2550 1548 2592 Ord-
1563 2552 1755 2594 Armario
1783 2556 1870 2594 sac.
1886 2556 1972 2598 Rit.
1991 2556 2264 2610 congregatio.

1276 2679 2258 2702 —--———————-

1275 2789 1483 2852 Tempus
1511 2782 1728 2834 recitandi
1774 2785 1898 2837 idem
1935 2785 2168 2840 Officium
2197 2801 2265 2843 ref

1343 2856 1582 2926 stringitur
1599 2890 1612 2904 .

1366 2989 1441 3031 Pro
1453 2983 1713 3029 moderatione
1727 2983 1853 3043 Officii
1870 2986 2135 3044 Conceptkonbr
2153 3012 2166 3023 ·

1391 3139 1471 3181 Um
1481 3135 1581 3181 alias
1595 3135 1664 3180 sub
1676 3137 1741 3181 die
1754 3139 2001 3195 ao-Januarii
2021 3138 2140 3188 1609.
2151 3137 2250 3178 San-

1411 3195 1595 3239 &iffimus
1624 3199 1677 3239 D.
1695 3200 1750 3240 Ν.
1766 3199 1916 3241 Paulus
1940 3200 2050 3253 Papa
2076 3198 2127 3239 V.
2157 3206 2255 3237 con-

1278 3257 1441 3301 ceiserit
1469 3255 1682 3311 Religiolis
1706 3258 1912 3299 Fratribus
1935 3254 2252 3297 observantibus

1276 3314 1445 3360 Ordinis
1459 3315 1590 3356 Sancti
1608 3314 1808 3358 Francisci
1820 3342 1836 3365 ‚
1858 3325 1901 3356 ut
1926 3313 2086 3368 singulis
2105 3311 2253 3356 Sabba-

1275 3375 1326 3418 tis
1356 3387 1438 3417 non
1464 3373 1665 3429 impeditis
1681 3373 1794 3415 Festo
1815 3385 1960 3415 novem
1981 3372 2250 3414 Lemonum„

1274 3433 1416 3490 poffint
1440 3434 1612 3476 recitare
1639 3430 1827 3472 Officium
1848 3430 2120 3471 Immaculatae
2136 3431 2251 3469 Con-

1274 3492 1475 3548 ceptionis
1492 3491 1673 3546 Deiparae
1689 3487 1868 3542 Virginis
1884 3488 2045 3530 Mariae:
2061 3500 2146 3542 quae
2160 3498 2252 3541 gra·
2265 3496 2274 3508 ⁴

1272 3552 1330 3593 tia
1345 3562 1438 3591 cum
1450 3549 1572 3590 etiarn
1589 3547 1795 3590 Fratribus
1806 3546 2155 3595 conventualibus
2177 3541 2248 3586 sub

1269 3609 1338 3650 die
1379 3618 1444 3658 14.
1467 3604 1643 3660 Januarii
1666 3633 1682 3655 ,
1722 3605 1763 3645 δι
1791 3606 1997 3648 Fratribus
2027 3602 2247 3659 Capucinis

1270 3666 1341 3708 sub
1354 3664 1420 3705 die
1438 3676 1476 3714 7.
1488 3663 1584 3718 Julii
1606 3669 1724 3706 1612-
1754 3662 1807 3704 de
1835 3674 1933 3707 voto
1949 3662 2242 3718 congregatio-

1269 3724 1329 3766 nis
1345 3727 1559 3766 Sacrorum
1577 3722 1748 3763 Rituum
1779 3721 1828 3764 ab
1842 3723 1987 3765 eodem
2001 3719 2242 3765 Sanaiffimo

1269 3784 1322 3824 D.
1338 3784 1391 3825 N.
1403 3778 1590 3822 concessa
1613 3777 1762 3831 fuerit3
1786 3779 2241 3842 &eandenggratinmo

1740 3840 1778 3880 C
1809 3850 1832 3879 2
2102 3851 2186 3881 non
