2496 4172
957 153 1411 274 eApostolica
1435 220 1449 236 .

254 313 514 362 ficiscuntur,
532 320 576 354 ut
598 322 691 353 cum
707 304 871 350 humani
897 304 1051 360 generis
1080 301 1227 346 holle)

254 374 412 417 strenue
443 370 664 425 confligant
681 395 692 409 .
725 363 901 410 Pusillus
931 362 1096 418 quidem
1128 373 1225 415 grex

254 432 309 476 est
323 459 335 480 ,
349 429 414 473 sed
429 429 504 469 Dei
523 430 673 470 virtute
688 433 866 467 armatus
897 421 1014 463 instar
1037 416 1226 462 validiffi-

255 491 309 534 mi
338 484 539 532 exercitiis
555 516 568 538 ,
596 486 647 529 de
674 484 882 538 impietate
899 493 945 521 ac
961 478 1065 520 vitiis
1091 476 1223 518 inistis

255 548 504 603 Regionibus
535 545 657 600 longe
683 569 699 593 ,
730 540 892 596 lateque
905 566 920 589 ,
939 536 1016 578 Dei
1030 535 1223 600 adjutrice

256 603 680 661 gratia,triumphabit.
696 603 788 644 Non
802 598 905 642 enim
921 609 1111 652 magnum
1128 603 1224 641 erit,

256 668 284 708 si
299 665 368 708 ille
394 664 614 712 Dominus,
641 659 707 715 qui
725 671 796 714 per
808 654 1024 721 duodecim
1047 652 1223 717 Aposto-

251 724 316 767 los
330 723 416 765 suos
429 722 468 765 in
482 721 703 764 universum
718 716 872 760 Orbem
893 712 1023 755 mulsos
1037 742 1052 764 ,
1079 711 1225 767 fugatis

257 782 403 838 ubique
415 790 600 824 errorum
623 775 794 819 tenebris
806 800 821 822 ,
836 772 968 815 omnia
985 772 1033 814 Di
1040 771 1137 814 vinae
1153 781 1224 812 ve-

253 840 384 883 ritatis
400 840 489 883 luce
503 834 745 892 complevit.
763 832 873 875 Idem
888 829 968 886 ipse
984 844 1053 886 per
1067 828 1224 873 duode-

252 898 331 941 cim
343 926 358 949 ‚
371 899 544 953 quicum
559 894 631 938 suo
649 894 757 935 Duce
769 891 809 933 in
827 889 1014 933 Affricam
1028 889 1218 939 veniunt,

249 954 392 1000 eadem
408 955 447 997 in
463 962 536 996 tuo
557 954 727 1008 Regno,
747 951 839 992 &in
859 947 1040 991 finitimis
1063 960 1223 1003 quoque

250 1014 350 1058 locis
364 1042 378 1066 ‚
406 1014 453 1056 ad
469 1011 522 1054 sui
539 1010 734 1067 gloriam,
759 1010 799 1050 &
818 1007 869 1050 ad
891 1015 953 1049 tot
971 1007 1223 1062 populorum

250 1072 415 1116 stlutem
437 1069 654 1114 efficaciter
665 1067 911 1124 operabitur·
935 1065 1117 1119 Excipiet
1133 1067 1222 1108 Ma-

250 1129 364 1187 iestas
380 1139 447 1173 tua
461 1126 667 1172 Christum
695 1127 817 1182 ipsum
834 1125 872 1168 in
889 1124 948 1166 his
963 1123 1049 1178 ejus
1067 1126 1224 1179 Paupe-

255 1189 393 1239 ribus,
421 1187 687 1244 quiomnibus
710 1184 748 1228 se
763 1184 878 1227 rebus
911 1181 1036 1226 saeculi
1060 1181 1221 1224 abdica-

255 1257 364 1296 runt,
380 1257 424 1290 ut
444 1244 596 1288 firmius
615 1243 789 1287 Domino
804 1241 869 1285 suo
883 1240 1145 1290 adhererent,
1158 1240 1217 1282 ei-

252 1319 331 1360 que
345 1303 521 1347 fideliter
536 1303 771 1346 inservirent
783 1329 797 1340 .
814 1301 1002 1343 Externis
1017 1297 1217 1355 quidem-a

251 1366 292 1405 &
310 1361 469 1404 caducis
484 1360 597 1403 bonis
610 1359 700 1404 sunt
718 1358 876 1416 prorsus
891 1359 1023 1401 inanes
1038 1384 1049 1406 ‚
1064 1355 1131 1399 sed
1145 1369 1219 1400 ve-

251 1434 314 1463 ras
340 1422 448 1461 intus
472 1418 622 1474 gestant
639 1416 858 1473 solidasque
884 1416 1044 1460 divitias
1067 1414 1216 1472 sapien-

252 1479 317 1520 tiae
330 1490 403 1529 ,ac
418 1475 588 1520 scientiae
610 1477 710 1526 Dei,
731 1477 873 1532 quibus
898 1474 1056 1518 Affricae
1072 1476 1224 1517 Natio-

248 1550 321 1582 nes
334 1533 499 1590 copiose
512 1534 766 1591 locupletare
781 1535 1043 1579 valeant-Nec
1057 1532 1144 1575 ullo
1157 1547 1223 1587 pa-

250 1597 316 1641 elo
332 1593 461 1638 Nobis
476 1592 656 1639 dubitare
671 1593 728 1637 sas
743 1593 799 1637 est
807 1620 821 1643 ,
841 1593 936 1650 quin
961 1602 1030 1636 tua
1045 1591 1219 1648 lingula·

248 1655 303 1697 ris
317 1653 458 1710 pietas,
470 1666 554 1709 quae
570 1651 796 1709 Religiosos
810 1651 899 1695 istos
914 1666 964 1696 ex
983 1662 1064 1695 tam
1078 1664 1218 1693 remo-

251 1712 301 1755 tis
312 1711 494 1769 partibus
511 1719 624 1755 tanto
632 1710 764 1755 studio
792 1709 843 1754 ad
858 1709 894 1755 se
909 1711 1086 1755 accersiit
1099 1738 1113 1762 ,
1129 1707 1215 1754 eos-

248 1770 340 1814 dem
351 1769 554 1827 praesentcs
567 1769 792 1828 patrocinio
817 1769 963 1815 affidue
989 1768 1148 1820 foreat,
1177 1769 1217 1810 8<

249 1838 436 1886 protegat
451 1859 462 1872 .
477 1829 541 1873 Sic
554 1829 662 1872 enim
674 1827 742 1873 fiet
755 1858 771 1882 ‚
782 1837 829 1874 ut
841 1829 897 1872 sui
910 1829 960 1872 ad
974 1826 1217 1885 Maiestatem

249 1897 363 1945 tuam
386 1885 583 1945 ¹adventus
613 1894 799 1943 optatum
831 1886 899 1931 fibi
927 1887 1098 1931 fructum
1111 1885 1224 1929 refe·

250 1955 372 1996 rant,
397 1945 438 1986 &
451 1944 518 1989 alii
534 1943 718 1998 Religion
730 1945 846 1994 Viri,
871 1945 1015 1989 horum
1032 1943 1219 1998 exemplo

249 2003 429 2052 incitati,
459 2005 583 2047 &tuo
599 2001 714 2051 zelo,
743 2003 1039 2059 &benignitate
1065 2001 1184 2044 illecti
1204 2026 1219 2049 ‚

250 2060 301 2104 ad
315 2061 538 2117 hujusmodi
549 2074 648 2117 opus
666 2062 742 2105 Dei
752 2061 1067 2119 promovendum
1080 2074 1130 2104 ex
1143 2074 1217 2102 no-

248 2120 333 2162 stris
351 2116 530 2176 partibus
544 2120 699 2164 alacres
716 2121 756 2163 in
767 2122 836 2162 has
853 2121 1056 2177 Regiones
1070 2116 1107 2160 le
1122 2131 1216 2160 con·

251 2176 415 2231 ferant,
439 2179 611 2235 Tibique
634 2178 710 2222 suis
733 2177 983 2221 orationibus
1000 2203 1015 2226 ‚
1042 2186 1218 2233 atque-2

251 2236 374 2279 etiam
402 2235 511 2279 fideli
535 2235 661 2292 opera
689 2249 770 2278 non
793 2234 954 2278 modico
984 2232 1218 2290 adjumento

249 2295 443 2339 existant·
470 2295 559 2336 Nos
584 2291 724 2343 certe,
746 2292 815 2347 qui
843 2291 1082 2348 Maiestatem
1105 2300 1218 2335 tunm

247 2350 346 2397 vere
361 2360 532 2407 paterno
545 2349 684 2392 affeetu
700 2350 741 2392 in
755 2350 902 2393 intimo
916 2350 1040 2395 corde
1052 2380 1067 2403 ,
1097 2351 1137 2393 in
1147 2349 1214 2392 vi·

246 2405 516 2464 steribusJesu
529 2407 716 2464 gerimus,
727 2408 872 2465 quique
884 2418 952 2453 tua
964 2410 1096 2453 omnia
1108 2422 1219 2451 eom·

249 2468 390 2520 moda,
401 2477 445 2511 ut
460 2465 776 2523 propria,nostrae
788 2481 891 2511 curae
904 2469 1108 2518 habemus,
1119 2482 1218 2524 qua-

250 2539 419 2582 cumque
432 2526 592 2569 ratione
622 2538 714 2569 cum
731 2527 818 2570 Deo
839 2528 1062 2583 poterimus
1075 2557 1092 2580 ,
1123 2527 1216 2572 ’ribi

251 2584 400 2629 auxilio
410 2582 485 2627 else
497 2597 696 2641 nunquam
708 2582 925 2629 deerimus.
941 2586 1110 2629 Interim
1128 2590 1216 2630 Do·

248 2645 402 2687 minum
427 2642 546 2686 enixe
571 2655 784 2699 rogamus,
810 2653 855 2686 ut
881 2657 971 2685 cum
987 2643 1059 2687 suae
1079 2643 1215 2687 saneta

249 2702 384 2757 gratiae
395 2701 596 2749 affluentia
611 2699 826 2744 feliciffima
839 2715 1001 2759 quaeque
1015 2701 1215 2758 Maiestati

249 2762 346 2804 Tuoe
370 2761 519 2804 tribuat
545 2758 718 2809 allidue,
744 2761 810 2803 cui
834 2760 981 2803 iterum
1008 2771 1097 2806 toto
1121 2773 1214 2804 cum

248 2818 368 2862 animi
380 2818 519 2862 affeetu
535 2819 707 2861 nostram
730 2819 938 2861 Paternam
953 2846 969 2870 ,
996 2822 1035 2863 δι
1049 2819 1215 2876 Aposto-

250 2877 370 2919 licam
383 2875 698 2920 benedictionem
719 2877 968 2932 impertimur
978 2908 991 2923 .

366 2937 517 2977 Datum
542 2935 680 2977 Romae
707 2935 810 2992 apud
839 2939 1016 2980 Sanctam
1048 2937 1220 2982 Mariam

246 2992 443 3050 Majorem
473 2991 541 3034 sub
573 2993 740 3036 Annulo
770 2992 982 3038 Piscatoris
1010 2997 1077 3040 die
1092 3011 1138 3040 xi
1154 3010 1167 3039 ι
1182 3009 1216 3038 1.

243 3051 423 3109 Januarii
452 3063 557 3094 anno
586 3065 778 3095 Mucxxt·
806 3053 1068 3099 Pontificatt'is
1097 3054 1218 3100 nostri

255 3123 364 3154 anno
380 3114 504 3155 Sexto
515 3108 675 3152 decimo
685 3137 698 3152 .

355 3227 603 3288 &firmam
615 3240 662 3269 ex
675 3235 775 3270 tomo
786 3232 997 3274 Annalium
1006 3233 1224 3289 nostrorum

413 3285 719 3402 ἧῖὶξὲιῡψη
732 3287 1176 3348 mahol-editorunrpaer.
1184 3303 1220 3332 ι.

289 3772 294 3777 ’
369 3808 566 3852 summu.

2037 194 2188 277 193

1287 366 1380 411 Iter
1396 358 1628 409 dictorum
1641 358 2039 415 Mifisionariorum
2055 385 2135 434 per
2155 372 2256 420 sub-

1354 429 1554 479 secutam
1571 430 1702 478 Pauli
1723 434 1787 479 V.
1816 447 2012 481 mortem
2044 441 2262 504 praepedi.

1353 516 1472 557 tum,
1485 501 1508 547 a
1524 497 1566 549 se
1584 501 1882 553 acceleratum
1898 501 2148 561 effe,eidem
2174 512 2264 570 Re..

1351 574 1402 640 gi
1426 568 1649 639 fignificat
1659 604 1673 619 .

1313 697 1544 759 chariſsimo
1564 701 1607 740 in
1623 699 1779 758 Christo
1806 701 1910 744 Filio
1924 702 2053 759 nestro
2068 703 2232 755 Alvaro,

1548 758 1644 814 Regi
1662 760 1782 816 Congi
1798 760 1986 821 illustri,

1281 879 1804 934 GREGORIUS
1855 883 1946 930 PA
1970 883 2063 931 ΡΑ
2123 883 2254 932 XV.

1313 1003 1545 1063 chariſsime
1556 1009 1599 1048 t'n
1616 1007 1772 1065 Christo
1790 1008 1871 1052 Fili
1883 1010 2026 1066 noster,
2031 1007 2228 1065 filatem,

1425 1063 1479 1113 ῥ’
1497 1065 1757 1122 Apefioticam
1783 1070 2086 1114 Benedielionem
2101 1096 2113 1108 .

1280 1184 1352 1297 S
1367 1183 1501 1223 Anne
1530 1187 1729 1228 memoriae
1756 1187 1905 1229 Paulus
1933 1189 2038 1242 Papa
2054 1188 2106 1228 V.
2142 1193 2260 1229 antes

1382 1252 1503 1295 quam
1523 1241 1575 1282 ad
1599 1251 1787 1285 aeternam
1817 1245 1856 1286 in
1884 1245 2016 1287 Coelis
2046 1247 2252 1300 requiem,

1274 1304 1299 1341 a
1315 1299 1491 1340 Domino
1506 1310 1718 1343 vocaretur
1733 1328 1748 1350 ,
1771 1311 1817 1343 ut
1835 1301 2046 1354 Maiestatis
2074 1314 2151 1346 tuae
2165 1317 2254 1344 ma-

1278 1356 1386 1399 xime
1400 1357 1468 1413 pio
1482 1356 1683 1401 desiderio
1694 1387 1711 1412 ,
1725 1372 1772 1401 ae
1786 1360 1973 1416 petitioni
1986 1372 2194 1408 annueret,
2212 1361 2261 1402 fi-

1278 1413 1443 1472 mulque
1458 1414 1570 1460 saluti
1585 1419 1808 1460 animarum
1824 1419 1931 1462 istius
1950 1419 2168 1475 amplillimi
2179 1418 2259 1461 Re-

1281 1474 1350 1529 gni
1362 1476 1440 1527 tui,
1459 1476 1499 1517 δι
1516 1477 1737 1520 vicinarum
1752 1478 1980 1532 Regionum
2002 1478 2256 1532 provideret,

1280 1535 1362 1590 jam
1375 1534 1474 1577 istuc
1487 1534 1753 1578 destinaverat
1770 1535 1882 1590 hujus
1897 1538 2024 1580 divini
2037 1538 2168 1593 operis
2183 1537 2258 1578 Mi-

1277 1591 1443 1641 nistros,
1473 1592 1697 1648 Religiosos
1726 1594 1805 1636 Dei
1832 1593 1964 1636 servos
1992 1610 2041 1637 ex
2073 1594 2255 1637 familia..-

1277 1653 1321 1693 S.
1337 1649 1562 1701 Francisci,
1586 1665 1688 1707 quos
1714 1653 1944 1708 Capucinos
1967 1654 2218 1708 appellamus
2238 1682 2252 1695 .

1276 1710 1434 1753 Verum
1449 1709 1546 1754 dum
1569 1711 1608 1753 bi
1637 1710 1689 1754 ad
1714 1710 1875 1767 longam
1903 1712 2202 1766 navigationem
2215 1708 2255 1751 se

1277 1769 1592 1886 {32:322ss
1603 1780 1893 1885 ‘mizael
1904 1767 2256 1874 &35:3¹3ssss

1279 1886 1336 1931 est
1351 1886 1500 1930 Paulus
1510 1914 1523 1927 .
1546 1889 1686 1948 Qare
1701 1888 1807 1931 tanti
1821 1889 2015 1931 momenti
2030 1887 2260 1944 negotium,·

1277 1944 1387 2001 quod
1415 1944 1664 2000 summopere
1691 1945 1771 2000 ipse
1797 1947 2003 2003 cupierat,
2030 1947 2257 2002 perfeetum

1279 2001 1415 2046 videre
1443 2015 1523 2046 non
1550 2003 1705 2059 potuit.
1723 2006 1808 2046 Nos
1820 2006 1958 2062 itaque
1972 2034 1987 2057 ,
2017 2006 2084 2060 qui
2102 2006 2140 2048 in
2167 2003 2255 2060 ejus

1277 2062 1414 2106 locum
1425 2090 1440 2113 ‚
1455 2061 1553 2105 lieet
1570 2061 1723 2105 meritis
1740 2062 1857 2107 valde
1872 2065 2062 2119 impares,
2079 2066 2170 2106 Deo
2182 2076 2256 2104 au-

1279 2123 1388 2162 aare
1403 2118 1651 2163 succeffimus
1665 2149 1681 2171 ,
1697 2120 1847 2176 quique
1869 2122 2121 2176 Maiestatem
2144 2131 2258 2164 tuam

1278 2186 1443 2233 paterno
1458 2176 1614 2232 prorsus
1624 2179 1744 2221 animi
1766 2178 1904 2231 affeetu
1926 2181 1967 2221 in
1995 2180 2256 2224 charitate,

1280 2234 1426 2279 Christi
1440 2234 1772 2289 complectimur,
1796 2251 1873 2292 pro
1886 2252 1932 2279 ea
1946 2266 1962 2290 ,
1975 2236 2055 2294 qua
2070 2237 2256 2290 excellis,

1280 2293 1378 2336 ver'e
1407 2293 1538 2350 Regia
1570 2295 1746 2349 pietate,
1770 2295 1997 2339 Catholicae
2026 2297 2256 2352 Religionis

1281 2352 1391 2400 zelo,
1403 2353 1443 2394 δι
1457 2353 1497 2395 in
1515 2352 1613 2395 banc
1632 2353 1904 2409 Apostolicam
1919 2357 1965 2397 B.
1982 2357 2091 2399 Petri
2107 2354 2256 2398 Sedem

1278 2409 1537 2455 observantia
1551 2440 1567 2462 ,
1596 2410 1820 2469 hujusmodi
1848 2416 2152 2470 Capucinorum
2179 2414 2256 2464 ad·¹

1279 2478 1447 2515 ventum
1472 2471 1755 2515 maturandum
1774 2472 2000 2527 diligenter>
2014 2474 2253 2518 curavimus.

1277 2531 1332 2574 Hi
1363 2543 1467 2585 ergo
1480 2543 1585 2573 nunc
1609 2544 1702 2574 cum
1732 2532 1862 2574 nostra
1893 2533 2172 2576 benedictione
2199 2533 2252 2575 ad

1278 2587 1526 2644 Maiestatem
1539 2598 1648 2631 tuam
1665 2590 1833 2634 veniunt
1845 2619 1862 2642 ‚
1891 2605 2061 2646 quorum
2092 2592 2253 2645 quidem

1277 2646 1466 2696 fruftum,
1477 2646 1614 2688 divina
1639 2647 1837 2704 adjutrice
1847 2648 1992 2703 gratia,
2006 2650 2255 2692 uberrimum

1275 2704 1452 2746 futurum
1471 2703 1693 2759 speramus.
1720 2705 1843 2764 Qod
1867 2709 1963 2750 vero
1983 2707 2035 2748 ad
2063 2706 2249 2762 Maiesta-

1275 2768 1480 2807 tem‘tuam
1495 2763 1697 2817 pertinet,
1722 2776 1802 2804 non
1815 2763 2040 2807 dubitamus
2054 2794 2070 2815 ,
2085 2766 2145 2807 Te
2160 2764 2253 2808 istos

1283 2821 1363 2865 Dei
1376 2822 1508 2864 servos
1522 2832 1605 2861 tam
1626 2821 1815 2863 ardenter
1837 2821 1859 2862 i
1883 2823 1943 2865 Te
1967 2822 2168 2879 expetitos
2185 2825 2256 2865 be-

1281 2879 1405 2937 nignis
1423 2889 1690 2936 excepturum
1706 2907 1721 2931 ,
1733 2881 1775 2921 δι
1788 2879 1915 2934 Regia
1932 2891 1999 2923 tua
2012 2881 2254 2924 auctoritate

1281 2939 1392 2983 omni
1408 2937 1536 2981 studio
1551 2937 1709 2995 semper
1727 2940 2003 2994 protecturum
2015 2954 2029 2982 ε
2044 2954 2137 2983 eum
2153 2954 2255 2996 prt-

1279 2998 1413 3042 {ertim
1435 3010 1518 3040 non
1533 2995 1653 3039 aliam
1664 2997 1719 3039 ob
1733 2996 1890 3038 causam
1905 3007 1988 3042 tam
2001 2998 2190 3055 longum,
2202 3012 2251 3040 ae

1282 3053 1528 3102 laboriosum
1540 3054 1620 3098 iter
1634 3053 1731 3112 jull'u
1753 3055 1886 3099 nostro
1901 3055 2171 3114 susceperint,
2188 3056 2253 3100 nisi

1282 3126 1328 3161 ut
1349 3116 1389 3157 in
1401 3116 1624 3158 animarum
1638 3113 1802 3157 salutem
1816 3116 2118 3170 procurandam
2134 3144 2145 3165 ‚
2168 3130 2255 3158 om·

1283 3189 1352 3219 nes
1366 3176 1450 3218 suas
1466 3174 1591 3222 vires,
1606 3174 1647 3216 δι
1663 3173 1784 3216 vitam
1799 3174 1921 3218 etiam
1936 3175 2058 3232 ipsam
2070 3205 2086 3229 ‚
2102 3178 2129 3217 fi
2143 3173 2253 3226 casus

1283 3233 1438 3278 venerit
1451 3259 1466 3282 ,
1482 3231 1736 3276 libentiffime
1766 3233 2000 3288 impendant
2013 3264 2029 3285 ,
2056 3245 2178 3290 atque
2198 3234 2254 3275 ita

1281 3292 1360 3336 Dei
1374 3291 1513 3347 gloriae
1528 3292 1724 3344 serviant,
1747 3292 1787 3335 δι
1812 3301 1885 3335 tuo
1915 3293 2027 3336 fimul
2058 3292 2255 3336 defiderio

1279 3349 1547 3395 satisfaciant.
1578 3352 1735 3401 Certe,
1760 3350 1955 3406 quidquid
1970 3349 2154 3405 Maiestas
2180 3359 2253 3393 tua

1277 3410 1326 3453 iu
1340 3410 1558 3466 operarios
1568 3409 1745 3452 coelestis
1762 3409 2063 3452 Patrisfamilias
2074 3407 2257 3451 beneficii

1279 3468 1517 3518 contulerit,
1533 3480 1719 3524 tanquam
1736 3468 1805 3508 fibi
1819 3468 2034 3516 collatum,
2045 3467 2152 3509 idem
2169 3469 2255 3508 Do-

1280 3527 1408 3570 minus
1422 3527 1590 3568 terrenis
1605 3554 1619 3577 ,
1631 3525 1865 3579 aeternisque
1892 3526 2007 3568 bonis
2021 3525 2252 3580 compensa-

1280 3585 1364 3628 bit:
1379 3598 1465 3641 quae
1488 3585 1594 3626 bona
1608 3588 1694 3627 Nos
1721 3583 1915 3638 Maiestati
1942 3593 2019 3626 tuae
2031 3584 2056 3627 ὲ
2071 3584 2250 3625 Domino

1279 3644 1397 3686 enixe
1411 3655 1647 3697 precamur:
1661 3644 1701 3684 δι
1716 3642 1863 3683 iterum
1886 3641 2157 3698 Apostolicam
2175 3655 2251 3683 no·

1275 3699 1395 3743 stram
1417 3700 1734 3744 benedictionem
1749 3699 1842 3742 Tibi
1866 3713 1915 3741 cx
1940 3700 2074 3743 animo
2103 3702 2251 3756 impar-

1276 3759 1401 3804 timur
1413 3787 1428 3800 .

1730 3817 1763 3858 B
1776 3815 1799 3857 b
2117 3817 2194 3858 Da-
