2496 4172
1000 125 1481 239 Apostolica
1496 195 1515 215 .

237 268 409 324 cujusvis
426 269 592 314 Ordinis
606 270 784 328 personis
802 299 816 324 ,
838 284 890 314 ne
905 268 1114 327 praemiffos
1128 269 1225 311 dieti

238 329 406 372 Or'dims
423 332 607 374 Fratrum
623 329 803 375 recursus
816 329 1032 372 admittant
1047 328 1118 373 sub
1135 342 1224 384 poe·

243 402 294 431 na
325 391 756 435 excommunicationis
782 390 874 434 latae
899 387 1100 432 sententia
1129 386 1225 431 Sedi

242 449 481 503 Apostolicae
497 446 665 507 praefatae
687 447 916 494 reservam,
931 461 1003 503 per
1017 445 1227 490 contrafa-

245 508 399 551 cientes
412 522 464 550 eo
479 509 566 565 ipso
591 507 736 564 absque
758 507 837 549 alia
860 505 1140 549 declaratione
1169 506 1228 547 in·

245 568 479 619 currendas,
492 567 788 617 audiet-itata&
800 574 942 609 tenore
959 565 1152 621 pradiftis
1165 565 1226 607 itt·

244 625 478 669 terdicimus
491 653 506 676 ‚
517 628 558 668 dr
571 625 828 681 prohibemus
842 652 854 666 .
873 625 1074 666 Recursus
1089 633 1223 666 autem

243 684 366 740 usque
383 699 488 728 nunc
509 685 532 727 d
548 684 754 728 Fratribus
766 682 861 724 dieti
876 682 1045 726 Ordinis
1064 683 1223 727 habitos

241 757 323 800 pro
335 742 576 801 alsequendis
591 743 631 784 in
644 743 846 798 posterum
863 741 1070 798 Pulpitisl
1092 741 1224 798 publi-

240 804 407 845 catione
431 800 682 859 presentium
707 800 946 846 Nostrarum
973 802 1226 846 literarum-e

237 861 432 909 omnino,
456 862 496 904 δι
519 856 606 917 ipso
627 858 734 903 sacto
745 858 892 905 ceffare
906 860 1118 912 volumus,
1149 873 1224 904 nee

237 919 362 962 ullius
379 917 623 962 roborisell'e
639 946 651 967 ‚
665 919 874 978 ullumque
898 920 1087 964 effectum
1106 919 1222 963 sorti-

239 978 272 1022 ri
284 992 354 1026 ‚ae
367 977 464 1020 diets·
478 979 808 1022 Concionatores
822 1008 838 1032 ,
861 980 929 1037 qui
951 980 974 1024 a
992 978 1223 1023 memoratis

237 1038 522 1094 Superioribus
539 1038 699 1094 Pulpits
711 1038 966 1082 obtinuerint
982 1065 998 1089 ,
1029 1038 1162 1083 statim
1176 1051 1223 1079 ac

237 1097 496 1152 Apostolicos
511 1099 598 1141 suos
625 1096 784 1142 labores
809 1097 1089 1150 absolverint,
1111 1099 1224 1141 recto

239 1157 406 1199 tramite
418 1156 470 1201 ad
486 1156 699 1212 proprium
711 1157 1221 1213 Conventum2propriam-

239 1227 321 1271 que
342 1215 595 1260 Provinciam
627 1214 774 1272 abfflue
810 1215 899 1262 ullo
933 1224 1132 1272 praetextu
1156 1228 1223 1258 re·

236 1276 361 1318 deant
374 1271 445 1319 sub
460 1273 586 1330 poenis
613 1276 783 1319 arbitrio
796 1275 997 1319 dictorum
1029 1274 1223 1330 Superio-

236 1347 326 1376 rum
344 1334 570 1390 infligendis
585 1347 600 1378 ε
627 1348 758 1394 neque
790 1334 876 1378 ullo
908 1332 1056 1383 modo,
1085 1332 1223 1376 ullave

235 1389 353 1436 causa
364 1420 378 1442 ‚
405 1403 671 1449 preterquam
697 1391 821 1438 eausl
837 1406 939 1437 vern
950 1421 964 1446 ,
993 1394 1034 1436 δι
1053 1391 1221 1436 aflualis

235 1447 482 1494 infirmitatis
497 1452 623 1503 cino,
640 1454 763 1509 vulgo
783 1453 815 1495 a
836 1451 979 1510 Caleffl
999 1478 1015 1501 ‚
1054 1451 1118 1496 vel
1145 1450 1224 1493 alio

235 1509 456 1552 commodo
469 1538 482 1561 ,
499 1511 724 1564 Serapbicoe
740 1511 907 1568 Regulae
930 1512 1075 1568 quovis
1094 1509 1222 1552 modo

235 1569 524 1620 contrario,uti
542 1569 937 1625 valeant‚sub-poenis
956 1566 1135 1624 superius
1151 1580 1220 1608 ex·

228 1626 368 1682 preliis
383 1641 459 1682 pro
475 1630 776 1671 recurrentibus
802 1627 851 1670 ad
878 1627 1100 1670 obtinenda
1118 1624 1219 1669 Pul·

229 1684 315 1741 pita
327 1711 342 1733 ‚
373 1698 473 1751 quas
498 1685 664 1741 quidem
697 1698 838 1742 poenas
869 1685 919 1728 ad
939 1682 1216 1742 quoscumque

230 1741 331 1787 alios
356 1741 528 1798 ejusdem
546 1742 707 1788 Ordinis
721 1742 960 1801 profellores
989 1743 1040 1786 fic
1071 1755 1215 1787 contra

230 1800 444 1860 Regularis
457 1802 625 1847 Ordinis
649 1803 823 1859 prodisti
842 1803 1017 1846 instituti
1034 1802 1214 1858 praestri-

232 1870 347 1918 ptum
362 1861 603 1905 itinerantes
617 1862 697 1904 line
710 1862 814 1916 justo
824 1890 845 1914 ‚
857 1874 1035 1917 veroque
1049 1859 1222 1904 infirmi-

233 1919 330 1962 tatis
344 1919 506 1962 motivo
517 1931 680 1965 utentes
690 1920 802 1964 Cifio
814 1948 829 1971 .,
860 1930 927 1963 aut
941 1921 1024 1968 alio
1040 1933 1223 1964 commo·

232 1978 289 2020 do
313 2004 327 2027 a
357 1974 514 2021 scilieet
539 1981 590 2023 ab
619 1980 820 2023 exercitio
839 1980 1111 2022 concionandi
1152 1992 1222 2035 per

229 2036 450 2081 triennium
463 2063 478 2086 ‚
491 2035 516 2079 fi
526 2040 850 2082 Coneionatores
869 2037 943 2081 sint
953 2063 978 2093 0
997 2037 1220 2083 aliarumve

231 2108 453 2152 poenarum
474 2097 646 2142 arbitrio
659 2097 858 2141 dierorum
872 2098 1160 2154 superiorum,
1192 2098 1219 2139 fi

229 2168 314 2197 non
326 2152 400 2196 lint
413 2156 738 2201 concionatores
751 2157 990 2214 privationis
1005 2157 1117 2199 vocis
1127 2157 1221 2198 afli·-

231 2226 289 2255 vae
304 2243 319 2264 ,
343 2214 383 2257 8ι
398 2213 550 2270 paffivat
562 2229 635 2272 per
651 2215 883 2261 sexennium
909 2215 1015 2259 dieta
1044 2211 1219 2258 auctori·-

228 2278 317 2314 tate
342 2272 605 2317 extendimus
623 2300 635 2313 .
670 2277 870 2319 Praeteroa
895 2276 936 2317 in
963 2274 1115 2318 casibus
1131 2299 1146 2323 ,
1177 2273 1217 2315 iu

226 2329 590 2385 quibusFratribus
600 2333 983 2375 memoratiOrdinis
993 2333 1045 2375 de
1056 2332 1139 2386 jure
1153 2345 1218 2384 ap-

223 2386 382 2444 pellare
399 2415 414 2438 ,
439 2397 508 2431 aut
523 2390 708 2434 recursus
738 2391 886 2434 habere
910 2389 1010 2434 licet
1025 2418 1038 2442 ,
1058 2391 1099 2433 id
1132 2402 1215 2432 non

225 2444 348 2489 alites
361 2446 554 2504 deinceps
571 2446 658 2492 lieri
668 2447 773 2506 poffe
786 2449 1214 2498 auetoritatesstteno.

220 2517 271 2548 re
284 2501 459 2560 profatis
474 2506 700 2559 statuimus,
713 2509 1020 2560 &ordinatu-as,
1030 2509 1152 2563 quim
1171 2516 1215 2551 ut

225 2563 431 2618 gradatim
457 2565 481 2608 a
502 2565 735 2619 gravamine
761 2565 988 2608 Guardiani
1019 2566 1071 2607 ad
1088 2566 1212 2608 Mini-

224 2620 356 2665 strum
370 2621 693 2676 Provincialem,
722 2622 786 2667 vel
807 2621 1098 2667 Definitosium
1114 2625 1213 2667 Pro»-

225 2679 400 2724 vinciale
413 2710 429 2734 ‚
438 2682 464 2726 a
479 2681 724 2725 Provinciali
739 2710 761 2734 ,.
769 2681 831 2727 vel
851 2681 1100 2726 Definitorio
1109 2685 1210 2727 Pro·

224 2737 386 2783 vinciali
403 2739 633 2795 hujusmodi
647 2742 699 2784 ad
714 2740 941 2785 Ministrum
951 2742 1215 2793 Generalem‚

224 2794 292 2840 seu
317 2799 367 2842 ad
388 2797 918 2856 Desinit-oriumGenerale,
943 2802 999 2844 ita
1024 2810 1068 2845 ut
1097 2798 1215 2844 causae

225 2857 510 2913 appellationis
528 2857 783 2911 huiusmodi,
811 2871 1026 2917 antequam
1042 2859 1214 2918 asupe-

225 2914 397 2959 rioribus
418 2916 688 2961 Generalibus
718 2920 894 2976 cognito
916 2948 932 2971 ‚
969 2921 1006 2961 δι
1037 2918 1214 2964 definita

222 2970 397 3028 fuerint,
410 2985 527 3020 entra
538 2976 694 3021 dietum
703 2977 905 3022 Ordinem
926 2974 1078 3022 deserti
1090 3006 1106 3032 ,
1131 2979 1213 3035 agi·

223 3033 304 3076 tari
319 3060 336 3083 ‚.
360 3036 403 3078 δι’
422 3034 611 3091 cognosci
629 3047 854 3092 nequeant.
883 3040 1021 3094 Quam
1043 3038 1208 3095 quidem

220 3091 351 3146 legem
368 3107 446 3136 non
462 3093 590 3140 solum
623 3095 662 3139 in
681 3095 1014 3152 appellationibus
1027 3123 1041 3146 ,
1073 3095 1139 3140 sed
1168 3097 1209 3140 in

224 3152 428 3206 quibusvis
442 3154 664 3197 recursibus
676 3184 693 3210 ,
705 3157 746 3198 δι
759 3155 936 3212 querelis
947 3182 969 3204 r
985 3164 1059 3198 aut
1076 3155 1203 3199 caulis

221 3209 328 3252 inter
340 3211 468 3254 dictos
478 3211 654 3269 ejusdem
670 3214 835 3258 Ordinis
850 3212 1092 3258 Professores
1102 3229 1202 3272 quo-

220 3271 436 3324 quomodo
452 3273 650 3328 agitandis
672 3272 967 3317 inviolabiliter
989 3273 1204 3318 observari

218 3328 288 3372 sub
313 3330 445 3386 poenis
472 3346 543 3388 per
569 3331 896 3388 predecessorum
911 3332 1195 3379 Nostrorum-a

218 3388 500 3433 Romanorum
517 3389 757 3436 Pontificum
770 3391 1088 3436 Constitutiones
1104 3406 1202 3450 prn-

219 3444 375 3502 scriptis
388 3476 408 3501 ‚
421 3463 466 3492 ac
481 3452 706 3504 contentis,
724 3451 806 3508 ipio
818 3448 924 3493 facto
949 3448 1097 3506 absque
1122 3451 1202 3496 alis

217 3505 370 3559 pariter
382 3508 660 3553 declaratione
675 3508 926 3554 incurrendis
941 3509 1203 3552 mandamus.

219 3566 394 3608 Demum
406 3568 591 3611 omnibus
606 3570 794 3613 Romanae
805 3567 942 3612 Curioe
962 3567 1199 3612 Tribunali·

219 3623 310 3670 bus,
323 3637 368 3665 ae
376 3624 601 3680 judicibus,
617 3642 662 3671 ac
677 3627 878 3687 quibusvis
894 3627 1197 3671 Venerabilium

2047 156 2210 260 381

1287 270 1431 337 llolicae
1447 271 1611 316 Nuntiis
1624 284 1747 325 nunc,
1761 278 1801 319 δι
1815 292 1890 332 pro
1907 287 2088 340 tempore
2102 292 2271 333 existend

1287 331 1422 380 tibus,
1449 343 1503 372 ne
1530 331 1720 372 Fratrum
1751 333 1847 374 dieti
1871 340 2037 383 ordini,
2065 349 2244 389 recursus

1288 398 1361 432 aut
1378 388 1673 445 appellationes
1702 386 1817 443 super
1843 392 2122 455 cujuscumque
2147 376 2270 444 causa:

1286 448 1525 504 cognitione
1551 446 1774 489 admittant
1796 473 1811 496 ‚
1845 449 2052 506 causasque
2076 457 2174 511 ipsas
2201 471 2272 499 co.

1287 506 1481 564 gnoscant
1495 535 1511 559 ,
1525 504 1593 548 nili
1613 506 1722 561 prius
1734 505 1792 547 eis
1807 504 1988 561 legitimi:
2019 513 2240 557 constiterit
2256 540 2272 563 ‚

1289 565 1381 611 illas
1396 566 1507 622 juxta
1521 564 1734 621 praestntes
1747 593 1763 616 ‚
1782 565 1820 606 &
1845 569 2059 608 memorati
2074 570 2274 612 Clemen-

1285 627 1336 669 tis
1351 627 1451 670 ΧΠ.
1473 622 1777 670 Praedeeess'oris
1798 622 1939 668 literas
1956 623 2187 681 prascripto
2199 641 2272 668 or-

1285 685 1379 730 dine
1394 685 1555 729 servato
1567 684 1781 740 cognitas,
1802 684 1843 727 δι
1862 680 2046 728 definitas
2063 681 2189 733 fuisse,
2200 683 2274 727 sub

1287 759 1409 803 poena
1422 744 1627 788 nullitatis
1641 744 1820 788 aetorum
1833 742 1928 786 inde
1942 742 2188 791 secutorum,
2204 756 2273 785 au-

1284 806 1475 848 &oritate
1488 831 1504 858 ,
1525 805 1567 846 δι
1592 811 1735 847 tenore
1749 802 1922 858 praefatis
1935 802 2077 845 itidem
2093 804 2276 845 harum...

1284 864 1384 909 serie
1410 862 1693 908 interdicimus
1709 892 1726 914 ,
1751 875 1798 904 ae
1811 861 2024 914 omnibus,
2047 863 2086 904 &
2112 861 2276 917 singulis

1283 924 1454 968 Ordinis
1470 922 1650 980 predicti
1666 918 1956 967 Profefforibus
1982 919 2052 966 sub
2066 933 2200 978 poents
2216 922 2273 962 su·

1285 983 1424 1040 peritis
1438 979 1626 1039 expreffis
1644 996 1695 1025 eo
1710 981 1795 1037 ipso
1820 982 1967 1038 absque
1992 981 2070 1024 alia
2095 978 2276 1024 declara-

1284 1044 1400 1087 tione
1417 1039 1741 1085 irremiffibiliter
1754 1040 2008 1084 incurrendis
2024 1069 2038 1093 ,
2070 1055 2119 1084 ne
2133 1037 2203 1095 ipfi
2221 1037 2275 1082 ad

1285 1101 1502 1147 secularia
1520 1100 1759 1144 Tribunalia
1771 1099 1959 1144 adversus
1972 1113 2022 1142 ea
2036 1128 2050 1151 ‚
2073 1113 2158 1156 qua
2181 1098 2275 1141 adi-

1281 1162 1356 1204 etis
1371 1159 1657 1217 Superioribus
1672 1188 1687 1212 ,
1719 1157 1784 1202 vel
1797 1160 1847 1201 ab
1862 1160 1935 1202 hac
1952 1160 2095 1202 Sanfla
2111 1158 2272 1206 Sede-,2

1281 1221 1384 1270 aaa,
1401 1229 1470 1262 aut
1489 1218 1657 1262 decreta
1672 1216 1843 1269 fuerint,
1859 1217 1928 1261 sub
1942 1220 2087 1274 quovis
2099 1228 2271 1274 praetex-

1282 1289 1326 1322 tu
1355 1276 1566 1334 appellare
1591 1302 1606 1326 ‚
1644 1287 1718 1319 aut
1741 1277 1886 1331 quovis
1913 1277 2041 1320 modo
2059 1290 2272 1320 recurrere

1282 1335 1455 1381 audeant
1475 1333 1568 1388 ,seu
1585 1334 1841 1390 praesumant,
1858 1333 1921 1377 seu
1936 1335 2275 1391 perinterpofitas

1287 1397 1476 1454 personas
1510 1392 1694 1450 praemiffa
1712 1406 1913 1448 peragere
1936 1402 2083 1434 curent
2097 1421 2112 1442 ‚
2142 1395 2179 1433 δι
2213 1389 2273 1433 sa-

1284 1457 1389 1499 ciant
1403 1482 1420 1508 ,
1442 1454 1548 1497 dieta
1578 1454 1820 1495 auctoritate
1840 1451 2126 1503 prohibemus.
2157 1453 2275 1494 Con-

1281 1514 1469 1558 eedimus
1483 1525 1644 1569 quoque
1662 1509 1951 1565 Superioribus
1964 1509 2058 1552 dieti
2077 1509 2243 1553 Ordinis
2258 1536 2274 1562 ,

1281 1582 1325 1614 ut
1342 1570 1409 1626 ipfi
1425 1579 1568 1612 eontra
1581 1567 1724 1610 finilia
1734 1596 1749 1619 ,
1762 1581 1807 1610 ac
1819 1568 1998 1624 superius
2010 1567 2190 1624 expressa
2205 1597 2221 1621 ,
2233 1570 2274 1612 δι

1279 1631 1320 1672 in
1334 1626 1531 1687 ejusmodi
1547 1626 1678 1670 literis
1693 1636 1888 1670 contenta
1909 1638 2187 1726 perpetrantes
2200 1654 2217 1679 ,
2229 1628 2272 1670 δι

1278 1687 1388 1733 bisce
1404 1686 1550 1731 nostris
1565 1685 1696 1730 literis
1710 1699 1855 1742 parere
1872 1698 1969 1728 recu
1988 1695 2103 1728 antes
2117 1713 2132 1737 ‚
2148 1688 2274 1729 etiam

1281 1762 1352 1807 per
1377 1746 1604 1803 fimplicem
1623 1744 1982 1788 denunciationem
1996 1773 2011 1796 ,
2027 1742 2181 1788 servati
2212 1753 2272 1787 ta-

1284 1820 1377 1851 men
1404 1802 1536 1849 forma
1551 1803 1903 1849 constitutionum
1933 1803 2088 1860 prefati
2105 1802 2274 1846 Ordinis

1284 1864 1511 1924 procedere
1541 1861 1687 1922 possint
1714 1891 1728 1904 .
1772 1863 2051 1907 Decernentes
2078 1863 2272 1908 easdem..

1282 1924 1494 1984 presentes
1510 1923 1646 1967 literas
1658 1919 1812 1980 l‘emper
1827 1921 1959 1965 firmas
1972 1923 2057 1965 dte·
2069 1924 2215 1980 sicque
2232 1924 2273 1966 in

1284 1983 1481 2042 proemiffis
1515 1998 1589 2040 per
1614 1983 1886 2039 quoscumque
1911 1981 2081 2039 judices
2100 1982 2272 2025 ordina·

1278 2045 1363 2088 rios
1382 2073 1399 2095 ,
1418 2044 1459 2085 δι
1475 2043 1697 2101 Delegatos
1712 2069 1732 2094 ,
1751 2043 1873 2087 etiam
1887 2041 2094 2084 caularum
2122 2040 2271 2085 Palatii

1282 2103 1503 2159 Apostolici
1519 2104 1745 2146 Auditores
1766 2101 1936 2156 judicari
1964 2100 2042 2141 dte.
2073 2104 2167 2145 Non
2192 2101 2272 2142 ob·

1282 2163 1478 2205 flantibus
1491 2162 1680 2205 omnibus
1694 2189 1712 2212 ,
1741 2162 1782 2202 δι
1798 2159 1956 2214 lingulis
1972 2159 2052 2202 illis
2070 2187 2085 2210 ,
2118 2172 2202 2215 quae
2229 2160 2271 2202 in

1280 2220 1397 2263 dietis
1414 2218 1741 2262 literisconceli'a
1754 2218 1843 2261 sunt
1869 2232 1956 2261 non
1976 2219 2135 2261 obstare
2151 2247 2167 2268 ,
2193 2231 2271 2260 cae·

1279 2280 1457 2335 terisque
1483 2279 1712 2321 contrariis
1732 2275 2054 2334 quibuscumque
2079 2306 2092 2319 .
2139 2278 2269 2319 Volu-

1277 2351 1366 2381 mus
1380 2347 1516 2381 autem
1530 2366 1546 2389 ,
1570 2348 1614 2380 ut
1637 2338 1869 2380 earumdem
1898 2337 2154 2392 prasentiunt
2172 2336 2267 2378 lite·

1277 2410 1416 2441 rarum
1430 2395 1695 2453 transumptis
1711 2422 1726 2445 ,
1741 2397 1808 2440 seu
1821 2397 2018 2453 exemplis
2036 2398 2113 2440 ste.

1397 2457 1544 2499 Datum
1565 2458 1703 2499 Roma
1726 2456 1830 2511 apud
1857 2459 2040 2499 Sanfflam
2065 2455 2265 2503 Mariam„

1276 2512 1476 2569 Maiorem
1502 2514 1572 2556 sub
1594 2515 1775 2558 Annulo
1799 2512 2016 2559 piscatoris
2046 2516 2114 2560 die
2139 2529 2264 2558 xxiv.

1274 2570 1374 2627 Maii
1405 2571 1623 2614 millesimo
1651 2571 2008 2627 septingentesimo
2031 2574 2265 2630 quadrage·

1270 2630 1370 2672 simo
1385 2643 1496 2674 nono
1510 2658 1526 2683 ,
1539 2628 1800 2674 Pontificum
1817 2631 1958 2674 Nostri
1971 2635 2092 2675 Anno
2109 2636 2236 2676 Nono
2251 2664 2262 2676 .

1332 2748 1689 2808 &nefor-statum
1708 2751 1752 2793 ln
1768 2748 1941 2794 Anbivo
1958 2751 2072 2794 stoc.
2081 2752 2226 2796 Gener.

1504 2986 1765 3040 ‘Provincie
1788 2989 1987 3040 Romane
2005 3025 2023 3040 .

1316 3105 1728 3173 SENTENHA‘
1754 3120 2200 3172 APOSTOLICA

1259 3251 1555 3303 Manutentio
1578 3247 1628 3303 ἃ
1652 3246 1757 3300 usus
1791 3249 1959 3300 Valchae
1981 3249 2039 3300 ad
2057 3250 2251 3301 Provin-

1329 3323 1409 3372 cia:
1424 3318 1633 3373 favorem
1657 3318 1959 3373 confirmatur
1975 3356 1990 3370 .

1466 3449 1614 3505 chrisi)
1639 3452 1804 3495 Nmine
1828 3452 2014 3493 inuocato
2024 3477 2038 3491 .

1360 3566 1643 3611 RoTribnnali
1658 3566 1843 3610 sedentes
1858 3594 1873 3619 ,
1892 3568 1932 3610 δι
1962 3565 2090 3612 solum
2107 3569 2240 3611 Deum

1378 3641 1455 3683 proe
1466 3628 1598 3669 oculis
1615 3628 1805 3669 habentes
1815 3655 1842 3677 ,.
1857 3641 1927 3681 per
1943 3626 2048 3670 hanc
2062 3627 2239 3671 nostram

219 3682 405 3724 Fratrum
420 3684 658 3731 Nostrorum
672 3688 824 3731 S.R.E.
839 3686 1033 3741 praediaae
1045 3687 1197 3730 Cardi·
1256 3685 1513 3729 diffinitivam
1526 3681 1766 3729 sententiam
1780 3714 1803 3739 ,‚
1826 3700 1946 3742 quam
1973 3685 2027 3729 de
2041 3687 2150 3744 Juris
2164 3689 2239 3730 Pe-

214 3740 364 3782 nalium
381 3743 871 3801 congregationibus‚nec
883 3744 1197 3802 nonSedisApo-
1255 3744 1425 3788 sitorum
1442 3745 1626 3789 Consilio
1650 3744 1693 3787 in
1714 3745 1777 3789 his
1795 3745 1954 3803 scriptis
1982 3744 2147 3790 ferimus
2162 3745 2236 3790 in„

2077 3808 2180 3849 Cau·
