2554 4230
356 345 1294 431 APPROBATIO
1394 338 2062 438 ORDINI'S.

367 509 452 559 OS
493 505 763 575 infrascripti
804 505 1090 559 Diffinitores
1133 513 1379 561 Generales
1425 510 1617 560 Ordinis
1656 515 1746 560 FF.
1782 513 2025 565 Minorum
2067 522 2221 573 Sandli

387 579 531 630 Patris
563 574 787 627 Francisci
820 581 1201 646 Capucinorum,
1236 580 1293 630 de
1323 595 1475 629 mente
1494 616 1511 638 ,
1539 578 1588 631 ἃ
1621 580 1838 630 mandato
1868 583 1979 636 Rr'ni
2012 591 2061 636 P.
2083 591 2221 659 Sigis-

208 648 369 701 mundi
399 649 426 697 a
460 649 693 706 Ferraria,
729 646 927 697 Ministri
955 648 1090 699 nostri
1118 651 1354 700 Generalis
1373 685 1388 708 ‚
1417 649 1617 700 vidimus
1638 686 1655 709 ,
1690 651 1943 703 revidirnus
1959 689 1975 713 ,
2005 654 2054 707 ἅ
2082 672 2220 708 atten-

210 719 259 770 te
288 715 668 771 confideravimus
701 722 907 768 Tomum
938 722 1196 787 Septimum
1231 720 1420 770 Bullarii
1453 719 1591 770 nostri
1621 721 1847 780 Ordinis,
1882 723 1909 772 a
1945 726 1993 774 P.
2031 729 2103 774 Fr.
2131 732 2221 778 Mi·

209 789 364 840 chal-:le
399 786 649 857 Tugiensi,
686 787 877 838 Ordinis
909 787 1044 838 nostri
1077 792 1452 849 concionatore,
1488 789 1537 842 ἃ
1571 794 1813 843 Provinciae
1850 792 2010 844 nostrae
2048 799 2224 848 Helve-

210 859 311 909 ticae
343 859 457 908 olim
486 865 631 909 Sacrae
664 859 932 928 Theologiae
962 858 1150 908 Lestore
1181 858 1272 911 ἃς.
1310 876 1478 930 magna
1511 859 1813 913 sollicitudine
1833 899 1850 922 ,
1882 862 1931 916 ὅ(
1968 866 2224 919 industria...

210 928 456 979 collectum
475 963 492 986 ,
528 926 752 996 variisque
779 933 896 980 notis
926 947 979 978 ac
1012 930 1187 980 notitiis
1214 930 1272 980 ad
1302 938 1519 995 majorem
1555 933 1802 1003 legentium
1839 935 2087 986 utilitatem
2126 940 2227 988 illu-

209 996 400 1049 stratum
423 1034 437 1047 .
473 1001 689 1065 Cumque
716 1000 762 1048 in
790 997 950 1048 iisdem
983 1003 1103 1050 notis
1146 1001 1257 1051 nihil
1292 1000 1401 1052 sanae
1441 1001 1702 1062 Doctrinae,
1732 1019 1812 1054 aut
1842 1004 1972 1055 bonis
2016 1008 2221 1059 moribus

211 1066 470 1127 dissonum,
503 1085 586 1118 nec
618 1068 743 1118 aliud
775 1068 1007 1137 quidpiam
1032 1106 1047 1128 ,
1091 1071 1216 1137 quod
1249 1073 1293 1121 in
1327 1072 1636 1140 praejudicium
1671 1076 1791 1124 tertii
1830 1090 2027 1146 vergere¹
2055 1077 2190 1146 poffit
2207 1115 2225 1140 ,

212 1139 520 1188 invenerimus
536 1173 553 1197 ,
586 1137 779 1209 dignum
803 1141 992 1189 omnino
1017 1139 1248 1190 censemus
1267 1178 1283 1200 ,
1321 1157 1372 1191 ut
1397 1140 1578 1193 servatis
1602 1144 1657 1193 de
1674 1149 1779 1208 jure
1808 1144 2036 1197 servandis
2064 1148 2122 1197 ad
2150 1150 2227 1199 de-

213 1207 357 1258 bitam
395 1210 739 1260 Provinciarum
761 1244 778 1268 ,
818 1227 871 1259 ac
902 1225 1056 1260 rerum
1087 1210 1316 1280 gestarum
1348 1213 1556 1263 notitiam
1594 1216 1719 1282 typis
1753 1215 1896 1274 dari,
1932 1215 1982 1267 &
2021 1220 2224 1285 imprimi

214 1275 578 1399 poffitbedimm
611 1352 775 1401 Romae
809 1348 884 1400 die
919 1368 998 1401 υ.
1037 1350 1321 1420 Septembris
1358 1369 1450 1416 175
1462 1371 1503 1404 r.

833 1513 911 1564 Fr.
945 1511 1130 1580 Gelaefius
1166 1514 1383 1571 Gorizien.
1424 1515 1635 1582 Definitor
1670 1517 1891 1568 Generalis
1926 1517 1998 1578 (Ι.
2012 1520 2086 1580 i.)

837 1584 914 1636 Fr.
942 1582 1139 1635 Hs'laersoae
1168 1589 1195 1651 ᾇ
1222 1585 1413 1666 Feraleta
1441 1586 1663 1655 ‘Defiiu'eor
1688 1589 1910 1666 Generalis
1942 1588 2088 1651 (m.)

263 2262 358 2323 Fr.
379 2253 797 2346 sigismundus
833 2260 868 2323 a
902 2258 1171 2322 Ferraria
1191 2303 1208 2331 ‚
1247 2254 1503 2320 Ordinis
1542 2259 1821 2320 Fratrum
1860 2256 2181 2322 Minorum

349 2351 406 2414 S.
420 2352 483 2414 P.
496 2353 546 2415 F
547 2348 795 2416 rancisci
818 2350 1278 2438 Capucinorurn
1296 2348 1578 2414 Minister
1596 2349 1911 2415 Generalis
1935 2351 2003 2435 (l.
2019 2352 2092 2436 i.)

374 2501 470 2555 Um
509 2500 719 2552 Tomum
751 2501 1008 2566 Septimum
1036 2501 1224 2552 Bullarii
1260 2499 1451 2550 Ordinis
1483 2498 1621 2550 nostri
1647 2500 1674 2548 a
1707 2504 1765 2550 R.
1789 2503 1839 2550 Ρ.
1869 2501 2101 2550 ΜὶεὴιὲΙε
2129 2499 2226 2550 Tu-

386 2568 542 2639 giense
572 2569 770 2635 ejusdem
799 2571 991 2621 Ordinis
1019 2572 1391 2628 Concionatore,
1427 2575 1574 2621 Sacrae
1607 2571 1874 2640 Theologiae
1904 2572 1951 2619 in
1984 2572 2227 2621 Provincia

215 2641 465 2692 Helvetica
494 2641 830 2700 lix-Lectae,
867 2639 915 2693 ἃ
946 2658 1030 2709 pro
1058 2644 1256 2692 Natione
1281 2643 1557 2692 Germanica
1587 2643 1698 2690 olim
1729 2642 1979 2691 Secretario
2009 2639 2223 2690 Generali

220 2711 559 2780 compilatum,
587 2711 809 2779 variisque
837 2712 954 2762 notis
981 2710 1028 2764 δι
1055 2713 1232 2772 notitiis
1259 2710 1529 2762 illustratum
1560 2710 1653 2761 duo
1682 2708 1878 2774 ejusdem
1909 2712 2100 2760 Ordinis
2129 2705 2228 2758 Dif-

223 2776 422 2831 finitores
447 2783 694 2832 Generales
721 2782 965 2832 reviderint
980 2817 996 2840 ,
1020 2780 1069 2834 ἆ
1095 2784 1140 2832 in
1164 2785 1314 2833 lucem
1339 2782 1413 2832 edi
1439 2778 1559 2850 poffe
1586 2780 1912 2848 probaverint,
1941 2792 2095 2827 tenore
2120 2794 2226 2844 prae·

220 2846 416 2902 sentium
447 2847 715 2903 facultatem
745 2852 1036 2903 concedimus
1054 2888 1070 2911 ,
1102 2868 1153 2903 ut
1179 2851 1365 2903 servatis
1394 2849 1620 2902 servandis
1652 2851 1779 2916 typis
1816 2849 2101 2916 imprimatur
2119 2880 2132 2894 .

362 2925 540 2972 Datum
571 2924 795 2973 Bruxellis
826 2921 1075 2974 Brabantiae
1105 2925 1149 2973 in
1178 2925 1428 2974 Conventu
1457 2920 1607 2972 nostro
1639 2920 1696 2969 ad
1728 2920 2075 2968 Immaculatam
2103 2920 2225 2967 Con·

222 2990 484 3061 ceptionem
514 2995 598 3044 SS.
621 2994 830 3064 Virginis
855 2996 1017 3045 Mariae
1043 2992 1118 3043 die
1150 3012 1228 3044 10.
1253 2990 1406 3044 Mens.
1437 2989 1677 3043 Novemb.
1704 2993 1797 3039 An.
1825 3005 1970 3053 1751.

1271 3154 1350 3204 fr.
1378 3151 1657 3224 Sigismundus
1692 3154 1764 3221 qui
1784 3150 1918 3220 [ἔφη
1932 3185 1947 3199 .

362 3498 418 3550 Ι..
454 3496 578 3549 †s.

2040 3835 2156 3893 ΙΜ-
