<?xml version="1.0" encoding="UTF-8"?>
<!DOCTYPE html PUBLIC "-//W3C//DTD XHTML 1.0 Transitional//EN"
    "http://www.w3.org/TR/xhtml1/DTD/xhtml1-transitional.dtd">
<html xmlns="http://www.w3.org/1999/xhtml" xml:lang="en" lang="en">
 <head>
  <title>
</title>
<meta http-equiv="Content-Type" content="text/html;charset=utf-8" />
  <meta name='ocr-system' content='tesseract 3.04.00' />
  <meta name='ocr-capabilities' content='ocr_page ocr_carea ocr_par ocr_line ocrx_word'/>
</head>
<body>
  <div class='ocr_page' id='page_1' title='image "./bullariumordinis07cath/bullariumordinis07cath_0425.png"; bbox 0 0 2496 4172; ppageno 0'>
   <div class='ocr_carea' id='block_1_1' title="bbox 952 153 1463 268">
    <p class='ocr_par' dir='ltr' id='par_1_1' title="bbox 952 153 1463 268">
     <span class='ocr_line' id='line_1_1' title="bbox 952 153 1463 268; baseline -0.008 -28"><span class='ocrx_word' id='word_1_1' title='bbox 952 153 1431 268; x_wconf 63' lang='lat' dir='ltr'>oflpofc&#39;olica</span> <span class='ocrx_word' id='word_1_2' title='bbox 1445 216 1463 235; x_wconf 92' lang='lat'><strong>.</strong></span> 
     </span>
    </p>
   </div>
   <div class='ocr_carea' id='block_1_2' title="bbox 219 294 1200 1976">
    <p class='ocr_par' dir='ltr' id='par_1_2' title="bbox 219 294 1195 982">
     <span class='ocr_line' id='line_1_2' title="bbox 221 294 1195 354; baseline 0.004 -16"><span class='ocrx_word' id='word_1_3' title='bbox 221 295 349 339; x_wconf 83' lang='lat' dir='ltr'>sentes</span> <span class='ocrx_word' id='word_1_4' title='bbox 365 294 718 354; x_wconf 78' lang='lat' dir='ltr'>supplicationibus</span> <span class='ocrx_word' id='word_1_5' title='bbox 733 309 871 340; x_wconf 88' lang='lat' dir='ltr'>eorum</span> <span class='ocrx_word' id='word_1_6' title='bbox 885 298 1048 340; x_wconf 84' lang='lat' dir='ltr'>nomine</span> <span class='ocrx_word' id='word_1_7' title='bbox 1066 296 1195 342; x_wconf 84' lang='lat' dir='ltr'>Nobis</span> 
     </span>
     <span class='ocr_line' id='line_1_3' title="bbox 219 354 1195 413; baseline 0.002 -16"><span class='ocrx_word' id='word_1_8' title='bbox 219 354 334 410; x_wconf 85' lang='lat' dir='ltr'>super</span> <span class='ocrx_word' id='word_1_9' title='bbox 349 356 427 399; x_wconf 89' lang='lat' dir='ltr'>hoc</span> <span class='ocrx_word' id='word_1_10' title='bbox 442 355 653 400; x_wconf 85' lang='lat' dir='ltr'>humiliter</span> <span class='ocrx_word' id='word_1_11' title='bbox 665 356 854 413; x_wconf 69' lang='lat' dir='ltr'>porrectis</span> <span class='ocrx_word' id='word_1_12' title='bbox 870 355 1049 399; x_wconf 84' lang='lat' dir='ltr'>inclinati</span> <span class='ocrx_word' id='word_1_13' title='bbox 1064 387 1079 408; x_wconf 89' lang='lat'>‚</span> <span class='ocrx_word' id='word_1_14' title='bbox 1115 360 1195 399; x_wconf 86' lang='lat' dir='ltr'>De-</span> 
     </span>
     <span class='ocr_line' id='line_1_4' title="bbox 220 413 1190 471; baseline 0.001 -16"><span class='ocrx_word' id='word_1_15' title='bbox 220 425 376 458; x_wconf 80' lang='lat' dir='ltr'>cretum</span> <span class='ocrx_word' id='word_1_16' title='bbox 409 413 677 470; x_wconf 72' lang='lat' dir='ltr'>pratinsertum</span> <span class='ocrx_word' id='word_1_17' title='bbox 700 442 714 464; x_wconf 88' lang='lat'><em>‚</em></span> <span class='ocrx_word' id='word_1_18' title='bbox 742 415 1028 458; x_wconf 87' lang='lat' dir='ltr'>alternativam</span> <span class='ocrx_word' id='word_1_19' title='bbox 1058 413 1190 471; x_wconf 81' lang='lat' dir='ltr'>quoad</span> 
     </span>
     <span class='ocr_line' id='line_1_5' title="bbox 219 471 1187 528; baseline 0.004 -16"><span class='ocrx_word' id='word_1_20' title='bbox 219 471 455 516; x_wconf 67' lang='lat' dir='ltr'>electionem</span> <span class='ocrx_word' id='word_1_21' title='bbox 472 474 724 528; x_wconf 80' lang='lat' dir='ltr'>superiorum</span> <span class='ocrx_word' id='word_1_22' title='bbox 737 473 850 516; x_wconf 66' lang='lat' dir='ltr'>dieta</span> <span class='ocrx_word' id='word_1_23' title='bbox 867 472 1082 516; x_wconf 70' lang='lat' dir='ltr'>Provincia</span> <span class='ocrx_word' id='word_1_24' title='bbox 1093 488 1187 516; x_wconf 89' lang='lat' dir='ltr'>con·</span> 
     </span>
     <span class='ocr_line' id='line_1_6' title="bbox 222 529 1191 588; baseline 0.003 -17"><span class='ocrx_word' id='word_1_25' title='bbox 222 530 365 580; x_wconf 71' lang='lat' dir='ltr'>tineus,</span> <span class='ocrx_word' id='word_1_26' title='bbox 375 532 616 576; x_wconf 80' lang='lat' dir='ltr'>authoritate</span> <span class='ocrx_word' id='word_1_27' title='bbox 627 529 868 585; x_wconf 71' lang='lat' dir='ltr'>Apostolicft,</span> <span class='ocrx_word' id='word_1_28' title='bbox 879 541 1020 575; x_wconf 88' lang='lat' dir='ltr'>tenore</span> <span class='ocrx_word' id='word_1_29' title='bbox 1031 532 1191 588; x_wconf 81' lang='lat' dir='ltr'>praesen·</span> 
     </span>
     <span class='ocr_line' id='line_1_7' title="bbox 224 588 1187 646; baseline 0.004 -16"><span class='ocrx_word' id='word_1_30' title='bbox 224 588 324 631; x_wconf 84' lang='lat' dir='ltr'>tium</span> <span class='ocrx_word' id='word_1_31' title='bbox 341 593 597 646; x_wconf 77' lang='lat' dir='ltr'>approbamus</span> <span class='ocrx_word' id='word_1_32' title='bbox 608 616 624 642; x_wconf 91' lang='lat'>,</span> <span class='ocrx_word' id='word_1_33' title='bbox 653 590 693 630; x_wconf 67' lang='grc' dir='ltr'><strong><em>ἃ</em></strong></span> <span class='ocrx_word' id='word_1_34' title='bbox 706 588 988 632; x_wconf 81' lang='lat' dir='ltr'>confirmamus</span> <span class='ocrx_word' id='word_1_35' title='bbox 1003 616 1018 639; x_wconf 83' lang='lat'>‚</span> <span class='ocrx_word' id='word_1_36' title='bbox 1048 592 1187 646; x_wconf 80' lang='lat' dir='ltr'>illique</span> 
     </span>
     <span class='ocr_line' id='line_1_8' title="bbox 224 646 1187 704; baseline 0.003 -16"><span class='ocrx_word' id='word_1_37' title='bbox 224 648 462 692; x_wconf 84' lang='lat' dir='ltr'>inviolabilis</span> <span class='ocrx_word' id='word_1_38' title='bbox 475 647 708 703; x_wconf 70' lang='lat' dir='ltr'>apostolica</span> <span class='ocrx_word' id='word_1_39' title='bbox 720 646 885 691; x_wconf 82' lang='lat' dir='ltr'>firmatis</span> <span class='ocrx_word' id='word_1_40' title='bbox 913 650 1033 691; x_wconf 86' lang='lat' dir='ltr'>robur</span> <span class='ocrx_word' id='word_1_41' title='bbox 1046 649 1187 704; x_wconf 78' lang='lat' dir='ltr'>adjici·</span> 
     </span>
     <span class='ocr_line' id='line_1_9' title="bbox 222 705 1187 761; baseline 0.004 -14"><span class='ocrx_word' id='word_1_42' title='bbox 222 718 312 749; x_wconf 86' lang='lat' dir='ltr'>mus</span> <span class='ocrx_word' id='word_1_43' title='bbox 324 732 337 755; x_wconf 86' lang='lat'>‚</span> <span class='ocrx_word' id='word_1_44' title='bbox 350 705 454 750; x_wconf 74' lang='lat' dir='ltr'>salva</span> <span class='ocrx_word' id='word_1_45' title='bbox 469 716 597 747; x_wconf 84' lang='lat' dir='ltr'>tamen</span> <span class='ocrx_word' id='word_1_46' title='bbox 613 706 764 761; x_wconf 73' lang='lat' dir='ltr'>{emper</span> <span class='ocrx_word' id='word_1_47' title='bbox 775 707 814 749; x_wconf 86' lang='lat' dir='ltr'>in</span> <span class='ocrx_word' id='word_1_48' title='bbox 831 707 1026 761; x_wconf 80' lang='lat' dir='ltr'>praemiffis</span> <span class='ocrx_word' id='word_1_49' title='bbox 1042 708 1187 751; x_wconf 83' lang='lat' dir='ltr'>autho·</span> 
     </span>
     <span class='ocr_line' id='line_1_10' title="bbox 221 763 1186 820; baseline 0.003 -15"><span class='ocrx_word' id='word_1_50' title='bbox 221 765 341 808; x_wconf 82' lang='lat' dir='ltr'>ritate</span> <span class='ocrx_word' id='word_1_51' title='bbox 360 773 596 808; x_wconf 70' lang='lat' dir='ltr'>·emoratae-</span> <span class='ocrx_word' id='word_1_52' title='bbox 625 763 955 820; x_wconf 76' lang='lat' dir='ltr'>Congregationis</span> <span class='ocrx_word' id='word_1_53' title='bbox 987 767 1186 808; x_wconf 85' lang='lat' dir='ltr'>Cardina·</span> 
     </span>
     <span class='ocr_line' id='line_1_11' title="bbox 222 821 1185 879; baseline 0.004 -15"><span class='ocrx_word' id='word_1_54' title='bbox 222 821 346 867; x_wconf 86' lang='lat' dir='ltr'>lium.</span> <span class='ocrx_word' id='word_1_55' title='bbox 377 825 648 867; x_wconf 80' lang='lat' dir='ltr'>Decerneutes</span> <span class='ocrx_word' id='word_1_56' title='bbox 663 821 820 867; x_wconf 83' lang='lat' dir='ltr'>easdem</span> <span class='ocrx_word' id='word_1_57' title='bbox 844 823 1058 879; x_wconf 79' lang='lat' dir='ltr'>praesentcs</span> <span class='ocrx_word' id='word_1_58' title='bbox 1075 824 1185 868; x_wconf 91' lang='lat' dir='ltr'>litte·</span> 
     </span>
     <span class='ocr_line' id='line_1_12' title="bbox 221 878 1190 938; baseline 0.004 -16"><span class='ocrx_word' id='word_1_59' title='bbox 221 892 285 924; x_wconf 82' lang='lat' dir='ltr'>sas</span> <span class='ocrx_word' id='word_1_60' title='bbox 308 878 439 924; x_wconf 80' lang='lat' dir='ltr'>firmas</span> <span class='ocrx_word' id='word_1_61' title='bbox 451 881 528 924; x_wconf 68' lang='lat' dir='ltr'>&amp;c-</span> <span class='ocrx_word' id='word_1_62' title='bbox 559 878 686 938; x_wconf 77' lang='lat' dir='ltr'>licque</span> <span class='ocrx_word' id='word_1_63' title='bbox 710 881 750 923; x_wconf 90' lang='lat' dir='ltr'>in</span> <span class='ocrx_word' id='word_1_64' title='bbox 762 881 958 938; x_wconf 68' lang='lat' dir='ltr'>premiffis</span> <span class='ocrx_word' id='word_1_65' title='bbox 971 885 1048 928; x_wconf 75' lang='grc' dir='ltr'>διε.</span> <span class='ocrx_word' id='word_1_66' title='bbox 1077 899 1123 927; x_wconf 91' lang='lat' dir='ltr'>ac</span> <span class='ocrx_word' id='word_1_67' title='bbox 1137 885 1190 926; x_wconf 87' lang='lat' dir='ltr'>ir-</span> 
     </span>
     <span class='ocr_line' id='line_1_13' title="bbox 221 938 619 982; baseline -0.003 -1"><span class='ocrx_word' id='word_1_68' title='bbox 221 938 348 982; x_wconf 80' lang='lat' dir='ltr'>ritum</span> <span class='ocrx_word' id='word_1_69' title='bbox 362 940 404 981; x_wconf 78' lang='grc' dir='ltr'>8ι</span> <span class='ocrx_word' id='word_1_70' title='bbox 417 938 532 982; x_wconf 80' lang='lat' dir='ltr'>inane</span> <span class='ocrx_word' id='word_1_71' title='bbox 541 938 619 982; x_wconf 72' lang='grc' dir='ltr'>διε.</span> 
     </span>
    </p>

    <p class='ocr_par' dir='ltr' id='par_1_3' title="bbox 222 997 1200 1813">
     <span class='ocr_line' id='line_1_14' title="bbox 338 997 1192 1046; baseline 0.002 -5"><span class='ocrx_word' id='word_1_72' title='bbox 338 1001 430 1041; x_wconf 83' lang='lat' dir='ltr'>Non</span> <span class='ocrx_word' id='word_1_73' title='bbox 442 997 691 1041; x_wconf 83' lang='lat' dir='ltr'>obstantibus</span> <span class='ocrx_word' id='word_1_74' title='bbox 703 997 1056 1046; x_wconf 83' lang='lat' dir='ltr'>constitutionibus</span> <span class='ocrx_word' id='word_1_75' title='bbox 1070 1004 1109 1044; x_wconf 77' lang='grc' dir='ltr'>δι</span> <span class='ocrx_word' id='word_1_76' title='bbox 1123 1014 1192 1043; x_wconf 89' lang='lat' dir='ltr'>or-</span> 
     </span>
     <span class='ocr_line' id='line_1_15' title="bbox 224 1054 1193 1112; baseline 0.006 -15"><span class='ocrx_word' id='word_1_77' title='bbox 224 1054 495 1102; x_wconf 85' lang='lat' dir='ltr'>dinationibus</span> <span class='ocrx_word' id='word_1_78' title='bbox 525 1056 762 1112; x_wconf 78' lang='lat' dir='ltr'>Apostolicis</span> <span class='ocrx_word' id='word_1_79' title='bbox 781 1082 797 1106; x_wconf 65' lang='lat'>⁵</span> <span class='ocrx_word' id='word_1_80' title='bbox 825 1071 872 1100; x_wconf 87' lang='lat' dir='ltr'>ac</span> <span class='ocrx_word' id='word_1_81' title='bbox 905 1061 1123 1103; x_wconf 73' lang='lat' dir='ltr'>Provincia</span> <span class='ocrx_word' id='word_1_82' title='bbox 1151 1061 1193 1102; x_wconf 72' lang='grc' dir='ltr'>δι</span> 
     </span>
     <span class='ocr_line' id='line_1_16' title="bbox 226 1112 1196 1171; baseline 0.002 -13"><span class='ocrx_word' id='word_1_83' title='bbox 226 1115 390 1159; x_wconf 78' lang='lat' dir='ltr'>Ordinis</span> <span class='ocrx_word' id='word_1_84' title='bbox 402 1112 637 1169; x_wconf 83' lang='lat' dir='ltr'>hujusmodi,</span> <span class='ocrx_word' id='word_1_85' title='bbox 649 1114 772 1158; x_wconf 83' lang='lat' dir='ltr'>etiam</span> <span class='ocrx_word' id='word_1_86' title='bbox 785 1115 1013 1171; x_wconf 72' lang='lat' dir='ltr'>juramento</span> <span class='ocrx_word' id='word_1_87' title='bbox 1024 1122 1102 1162; x_wconf 71' lang='grc' dir='ltr'>διε.</span> <span class='ocrx_word' id='word_1_88' title='bbox 1133 1118 1196 1162; x_wconf 80' lang='lat' dir='ltr'>vel</span> 
     </span>
     <span class='ocr_line' id='line_1_17' title="bbox 224 1172 1197 1231; baseline 0.005 -17"><span class='ocrx_word' id='word_1_89' title='bbox 224 1173 365 1231; x_wconf 82' lang='lat' dir='ltr'>quavis</span> <span class='ocrx_word' id='word_1_90' title='bbox 393 1172 583 1215; x_wconf 82' lang='lat' dir='ltr'>firmitate</span> <span class='ocrx_word' id='word_1_91' title='bbox 610 1173 688 1216; x_wconf 87' lang='lat' dir='ltr'>alia</span> <span class='ocrx_word' id='word_1_92' title='bbox 714 1176 912 1218; x_wconf 85' lang='lat' dir='ltr'>roboratis</span> <span class='ocrx_word' id='word_1_93' title='bbox 941 1177 1093 1221; x_wconf 77' lang='lat' dir='ltr'>statutis</span> <span class='ocrx_word' id='word_1_94' title='bbox 1110 1203 1127 1227; x_wconf 82' lang='lat'>‚</span> <span class='ocrx_word' id='word_1_95' title='bbox 1155 1178 1197 1219; x_wconf 77' lang='grc' dir='ltr'>δι</span> 
     </span>
     <span class='ocr_line' id='line_1_18' title="bbox 226 1229 1196 1292; baseline 0.002 -18"><span class='ocrx_word' id='word_1_96' title='bbox 226 1229 579 1274; x_wconf 79' lang='lat' dir='ltr'>consuetudinibus</span> <span class='ocrx_word' id='word_1_97' title='bbox 594 1256 610 1282; x_wconf 85' lang='lat'><strong>,</strong></span> <span class='ocrx_word' id='word_1_98' title='bbox 642 1232 859 1288; x_wconf 78' lang='lat' dir='ltr'>privilegiis</span> <span class='ocrx_word' id='word_1_99' title='bbox 873 1248 1035 1292; x_wconf 91' lang='lat' dir='ltr'>quoque</span> <span class='ocrx_word' id='word_1_100' title='bbox 1058 1235 1196 1278; x_wconf 89' lang='lat' dir='ltr'>indul-</span> 
     </span>
     <span class='ocr_line' id='line_1_19' title="bbox 227 1288 1195 1348; baseline 0.005 -18"><span class='ocrx_word' id='word_1_101' title='bbox 227 1289 280 1331; x_wconf 92' lang='lat' dir='ltr'>tis</span> <span class='ocrx_word' id='word_1_102' title='bbox 291 1315 307 1339; x_wconf 77' lang='lat'><strong>,</strong></span> <span class='ocrx_word' id='word_1_103' title='bbox 321 1291 356 1330; x_wconf 74' lang='grc' dir='ltr'>δι</span> <span class='ocrx_word' id='word_1_104' title='bbox 372 1288 520 1332; x_wconf 90' lang='lat' dir='ltr'>litteris</span> <span class='ocrx_word' id='word_1_105' title='bbox 534 1289 770 1345; x_wconf 78' lang='lat' dir='ltr'>Apostolieis</span> <span class='ocrx_word' id='word_1_106' title='bbox 782 1292 822 1333; x_wconf 89' lang='lat' dir='ltr'>in</span> <span class='ocrx_word' id='word_1_107' title='bbox 834 1295 1085 1337; x_wconf 86' lang='lat' dir='ltr'>contrarium</span> <span class='ocrx_word' id='word_1_108' title='bbox 1099 1306 1195 1348; x_wconf 69' lang='lat' dir='ltr'>prn-</span> 
     </span>
     <span class='ocr_line' id='line_1_20' title="bbox 224 1344 1196 1405; baseline 0.003 -16"><span class='ocrx_word' id='word_1_109' title='bbox 224 1344 424 1390; x_wconf 80' lang='lat' dir='ltr'>mifforum</span> <span class='ocrx_word' id='word_1_110' title='bbox 440 1347 743 1402; x_wconf 80' lang='lat' dir='ltr'>quomodolibet</span> <span class='ocrx_word' id='word_1_111' title='bbox 757 1350 946 1394; x_wconf 83' lang='lat' dir='ltr'>conceffis</span> <span class='ocrx_word' id='word_1_112' title='bbox 959 1379 976 1405; x_wconf 86' lang='lat'>‚</span> <span class='ocrx_word' id='word_1_113' title='bbox 987 1350 1196 1396; x_wconf 80' lang='lat' dir='ltr'>confirma-</span> 
     </span>
     <span class='ocr_line' id='line_1_21' title="bbox 225 1403 1196 1466; baseline 0.005 -20"><span class='ocrx_word' id='word_1_114' title='bbox 225 1403 276 1447; x_wconf 87' lang='lat' dir='ltr'>tis</span> <span class='ocrx_word' id='word_1_115' title='bbox 289 1431 304 1456; x_wconf 82' lang='lat'>,</span> <span class='ocrx_word' id='word_1_116' title='bbox 331 1405 586 1448; x_wconf 85' lang='lat' dir='ltr'>&amp;innovatis</span> <span class='ocrx_word' id='word_1_117' title='bbox 598 1433 612 1448; x_wconf 87' lang='grc'><strong>.</strong></span> <span class='ocrx_word' id='word_1_118' title='bbox 645 1407 804 1464; x_wconf 87' lang='lat' dir='ltr'>Quibus</span> <span class='ocrx_word' id='word_1_119' title='bbox 816 1410 1001 1453; x_wconf 87' lang='lat' dir='ltr'>omnibus</span> <span class='ocrx_word' id='word_1_120' title='bbox 1018 1412 1057 1452; x_wconf 78' lang='grc' dir='ltr'>δι</span> <span class='ocrx_word' id='word_1_121' title='bbox 1069 1410 1196 1466; x_wconf 83' lang='lat' dir='ltr'>lingu-</span> 
     </span>
     <span class='ocr_line' id='line_1_22' title="bbox 224 1462 1197 1524; baseline 0.007 -19"><span class='ocrx_word' id='word_1_122' title='bbox 224 1463 292 1513; x_wconf 89' lang='lat' dir='ltr'>lis,</span> <span class='ocrx_word' id='word_1_123' title='bbox 308 1462 471 1507; x_wconf 89' lang='lat' dir='ltr'>illorum</span> <span class='ocrx_word' id='word_1_124' title='bbox 486 1473 642 1507; x_wconf 88' lang='lat' dir='ltr'>tenores</span> <span class='ocrx_word' id='word_1_125' title='bbox 657 1466 908 1520; x_wconf 65' lang='lat' dir='ltr'>presentibus</span> <span class='ocrx_word' id='word_1_126' title='bbox 923 1481 998 1524; x_wconf 88' lang='lat' dir='ltr'>pro</span> <span class='ocrx_word' id='word_1_127' title='bbox 1008 1469 1125 1524; x_wconf 72' lang='lat' dir='ltr'>plene</span> <span class='ocrx_word' id='word_1_128' title='bbox 1155 1470 1197 1512; x_wconf 75' lang='grc' dir='ltr'>δι</span> 
     </span>
     <span class='ocr_line' id='line_1_23' title="bbox 224 1519 1195 1578; baseline 0.005 -16"><span class='ocrx_word' id='word_1_129' title='bbox 224 1519 468 1564; x_wconf 79' lang='lat' dir='ltr'>sufficienter</span> <span class='ocrx_word' id='word_1_130' title='bbox 483 1522 688 1578; x_wconf 78' lang='lat' dir='ltr'>expreffis,</span> <span class='ocrx_word' id='word_1_131' title='bbox 703 1537 749 1566; x_wconf 89' lang='lat' dir='ltr'>sc</span> <span class='ocrx_word' id='word_1_132' title='bbox 761 1524 814 1567; x_wconf 89' lang='lat' dir='ltr'>de</span> <span class='ocrx_word' id='word_1_133' title='bbox 829 1527 954 1569; x_wconf 78' lang='lat' dir='ltr'>verbo</span> <span class='ocrx_word' id='word_1_134' title='bbox 966 1525 1017 1568; x_wconf 87' lang='lat' dir='ltr'>ad</span> <span class='ocrx_word' id='word_1_135' title='bbox 1034 1526 1195 1568; x_wconf 78' lang='lat' dir='ltr'>verbum</span> 
     </span>
     <span class='ocr_line' id='line_1_24' title="bbox 222 1578 1199 1632; baseline 0.004 -11"><span class='ocrx_word' id='word_1_136' title='bbox 222 1578 379 1622; x_wconf 70' lang='lat' dir='ltr'>insertis</span> <span class='ocrx_word' id='word_1_137' title='bbox 407 1580 596 1623; x_wconf 85' lang='lat' dir='ltr'>habentes</span> <span class='ocrx_word' id='word_1_138' title='bbox 609 1608 625 1632; x_wconf 85' lang='lat'><strong>,</strong></span> <span class='ocrx_word' id='word_1_139' title='bbox 655 1580 736 1624; x_wconf 90' lang='lat' dir='ltr'>illis</span> <span class='ocrx_word' id='word_1_140' title='bbox 763 1583 860 1627; x_wconf 76' lang='lat' dir='ltr'>alias</span> <span class='ocrx_word' id='word_1_141' title='bbox 886 1584 926 1624; x_wconf 92' lang='lat' dir='ltr'>in</span> <span class='ocrx_word' id='word_1_142' title='bbox 955 1583 1025 1626; x_wconf 85' lang='lat' dir='ltr'>suo</span> <span class='ocrx_word' id='word_1_143' title='bbox 1051 1586 1199 1626; x_wconf 86' lang='lat' dir='ltr'>robore</span> 
     </span>
     <span class='ocr_line' id='line_1_25' title="bbox 222 1636 1198 1693; baseline 0.004 -16"><span class='ocrx_word' id='word_1_144' title='bbox 222 1637 489 1693; x_wconf 74' lang='lat' dir='ltr'>permansuris</span> <span class='ocrx_word' id='word_1_145' title='bbox 503 1663 518 1686; x_wconf 90' lang='lat'>‚</span> <span class='ocrx_word' id='word_1_146' title='bbox 547 1636 595 1678; x_wconf 90' lang='lat' dir='ltr'>ad</span> <span class='ocrx_word' id='word_1_147' title='bbox 618 1638 896 1693; x_wconf 72' lang='lat' dir='ltr'>praemifforum</span> <span class='ocrx_word' id='word_1_148' title='bbox 919 1640 1098 1685; x_wconf 70' lang='lat' dir='ltr'>effeaum</span> <span class='ocrx_word' id='word_1_149' title='bbox 1126 1641 1198 1682; x_wconf 84' lang='lat' dir='ltr'>bac</span> 
     </span>
     <span class='ocr_line' id='line_1_26' title="bbox 226 1691 1200 1754; baseline 0.002 -17"><span class='ocrx_word' id='word_1_150' title='bbox 226 1697 314 1737; x_wconf 82' lang='lat' dir='ltr'>vice</span> <span class='ocrx_word' id='word_1_151' title='bbox 335 1692 546 1738; x_wconf 76' lang='lat' dir='ltr'>dumtaxat</span> <span class='ocrx_word' id='word_1_152' title='bbox 572 1691 794 1750; x_wconf 82' lang='lat' dir='ltr'>specialiter</span> <span class='ocrx_word' id='word_1_153' title='bbox 816 1698 857 1740; x_wconf 72' lang='lat' dir='ltr'>dt</span> <span class='ocrx_word' id='word_1_154' title='bbox 879 1697 1200 1754; x_wconf 72' lang='lat' dir='ltr'>expressedero-</span> 
     </span>
     <span class='ocr_line' id='line_1_27' title="bbox 226 1750 1198 1813; baseline 0.006 -19"><span class='ocrx_word' id='word_1_155' title='bbox 226 1764 364 1809; x_wconf 80' lang='lat' dir='ltr'>gamus</span> <span class='ocrx_word' id='word_1_156' title='bbox 375 1779 391 1804; x_wconf 85' lang='lat'>‚</span> <span class='ocrx_word' id='word_1_157' title='bbox 402 1750 640 1808; x_wconf 73' lang='lat' dir='ltr'>ceterisque</span> <span class='ocrx_word' id='word_1_158' title='bbox 654 1756 864 1800; x_wconf 71' lang='lat' dir='ltr'>contrariis</span> <span class='ocrx_word' id='word_1_159' title='bbox 876 1756 1198 1813; x_wconf 74' lang='lat' dir='ltr'>quibuscunque.</span> 
     </span>
    </p>

    <p class='ocr_par' dir='ltr' id='par_1_4' title="bbox 226 1812 1198 1976">
     <span class='ocr_line' id='line_1_28' title="bbox 341 1812 1198 1866; baseline 0.002 -12"><span class='ocrx_word' id='word_1_160' title='bbox 341 1813 491 1854; x_wconf 86' lang='lat' dir='ltr'>Datum</span> <span class='ocrx_word' id='word_1_161' title='bbox 510 1812 657 1855; x_wconf 72' lang='lat' dir='ltr'>Romae</span> <span class='ocrx_word' id='word_1_162' title='bbox 684 1813 788 1866; x_wconf 88' lang='lat' dir='ltr'>apud</span> <span class='ocrx_word' id='word_1_163' title='bbox 818 1815 999 1857; x_wconf 65' lang='lat' dir='ltr'>San8am</span> <span class='ocrx_word' id='word_1_164' title='bbox 1028 1817 1198 1859; x_wconf 84' lang='lat' dir='ltr'>Mariam</span> 
     </span>
     <span class='ocr_line' id='line_1_29' title="bbox 226 1867 1197 1928; baseline 0.003 -15"><span class='ocrx_word' id='word_1_165' title='bbox 226 1868 418 1925; x_wconf 73' lang='lat' dir='ltr'>Maiorem</span> <span class='ocrx_word' id='word_1_166' title='bbox 442 1867 516 1912; x_wconf 77' lang='lat' dir='ltr'>sub</span> <span class='ocrx_word' id='word_1_167' title='bbox 539 1868 683 1912; x_wconf 86' lang='lat' dir='ltr'>annulo</span> <span class='ocrx_word' id='word_1_168' title='bbox 698 1867 908 1915; x_wconf 68' lang='lat' dir='ltr'>Piscatori:</span> <span class='ocrx_word' id='word_1_169' title='bbox 933 1872 999 1916; x_wconf 87' lang='lat' dir='ltr'>die</span> <span class='ocrx_word' id='word_1_170' title='bbox 1013 1886 1077 1916; x_wconf 83' lang='lat' dir='ltr'>ar.</span> <span class='ocrx_word' id='word_1_171' title='bbox 1105 1872 1197 1928; x_wconf 76' lang='lat' dir='ltr'>Maii</span> 
     </span>
     <span class='ocr_line' id='line_1_30' title="bbox 228 1924 1196 1976; baseline 0.004 -5"><span class='ocrx_word' id='word_1_172' title='bbox 228 1939 478 1971; x_wconf 74' lang='lat' dir='ltr'>moccxus.</span> <span class='ocrx_word' id='word_1_173' title='bbox 495 1924 749 1971; x_wconf 67' lang='lat' dir='ltr'>Pontificatfis</span> <span class='ocrx_word' id='word_1_174' title='bbox 767 1930 902 1973; x_wconf 76' lang='lat' dir='ltr'>Nostri</span> <span class='ocrx_word' id='word_1_175' title='bbox 916 1933 1034 1975; x_wconf 77' lang='lat' dir='ltr'>Anno</span> <span class='ocrx_word' id='word_1_176' title='bbox 1045 1933 1196 1976; x_wconf 90' lang='lat' dir='ltr'>Sexto.</span> 
     </span>
    </p>
   </div>
   <div class='ocr_carea' id='block_1_3' title="bbox 283 2029 1199 2146">
    <p class='ocr_par' dir='ltr' id='par_1_5' title="bbox 283 2029 1199 2146">
     <span class='ocr_line' id='line_1_31' title="bbox 283 2029 1199 2145; baseline 0.009 -60"><span class='ocrx_word' id='word_1_177' title='bbox 283 2043 456 2144; x_wconf 51' lang='lat' dir='ltr'>Exegpl·</span> <span class='ocrx_word' id='word_1_178' title='bbox 469 2045 520 2145; x_wconf 68' lang='lat' dir='ltr'>1lius</span> <span class='ocrx_word' id='word_1_179' title='bbox 536 2042 656 2088; x_wconf 73' lang='lat' dir='ltr'>Arbe-</span> <span class='ocrx_word' id='word_1_180' title='bbox 672 2045 768 2089; x_wconf 71' lang='lat' dir='ltr'>orl.</span> <span class='ocrx_word' id='word_1_181' title='bbox 784 2049 969 2091; x_wconf 77' lang='lat' dir='ltr'>Arnsm&#39;s</span> <span class='ocrx_word' id='word_1_182' title='bbox 987 2029 1199 2093; x_wconf 77' lang='lat' dir='ltr'>Provincia</span> 
     </span>
     <span class='ocr_line' id='line_1_32' title="bbox 398 2115 545 2146; baseline 0.007 -1"><span class='ocrx_word' id='word_1_183' title='bbox 398 2115 468 2146; x_wconf 87' lang='lat' dir='ltr'>ren</span> <span class='ocrx_word' id='word_1_184' title='bbox 499 2115 518 2146; x_wconf 93' lang='lat' dir='ltr'>s</span> <span class='ocrx_word' id='word_1_185' title='bbox 529 2128 545 2145; x_wconf 82' lang='grc'><strong>.</strong></span> 
     </span>
    </p>
   </div>
   <div class='ocr_carea' id='block_1_4' title="bbox 225 2240 572 2258">
    <p class='ocr_par' dir='ltr' id='par_1_6' title="bbox 225 2240 572 2258">
     <span class='ocr_line' id='line_1_33' title="bbox 225 2240 572 2258; baseline 0 0"><span class='ocrx_word' id='word_1_186' title='bbox 225 2240 572 2258; x_wconf 95' lang='lat' dir='ltr'> </span> 
     </span>
    </p>
   </div>
   <div class='ocr_carea' id='block_1_5' title="bbox 290 2335 1127 2393">
    <p class='ocr_par' dir='ltr' id='par_1_7' title="bbox 290 2335 1127 2393">
     <span class='ocr_line' id='line_1_34' title="bbox 290 2335 1127 2393; baseline 0.011 -9"><span class='ocrx_word' id='word_1_187' title='bbox 290 2335 533 2386; x_wconf 67' lang='lat' dir='ltr'>Rusca!</span> <span class='ocrx_word' id='word_1_188' title='bbox 541 2336 678 2387; x_wconf 84' lang='lat' dir='ltr'>P&#39;ro</span> <span class='ocrx_word' id='word_1_189' title='bbox 713 2340 1127 2393; x_wconf 69' lang='lat' dir='ltr'>Ponrtmcto</span> 
     </span>
    </p>
   </div>
   <div class='ocr_carea' id='block_1_6' title="bbox 227 2471 1205 2813">
    <p class='ocr_par' dir='ltr' id='par_1_8' title="bbox 227 2471 1205 2753">
     <span class='ocr_line' id='line_1_35' title="bbox 227 2471 1198 2534; baseline 0.011 -12"><span class='ocrx_word' id='word_1_190' title='bbox 227 2475 286 2524; x_wconf 87' lang='lat' dir='ltr'>In</span> <span class='ocrx_word' id='word_1_191' title='bbox 303 2471 532 2525; x_wconf 84' lang='lat' dir='ltr'>Domibus</span> <span class='ocrx_word' id='word_1_192' title='bbox 560 2471 637 2530; x_wconf 82' lang='lat' dir='ltr'>seu</span> <span class='ocrx_word' id='word_1_193' title='bbox 653 2477 834 2527; x_wconf 81' lang='lat' dir='ltr'>Palatiis</span> <span class='ocrx_word' id='word_1_194' title='bbox 853 2482 1198 2534; x_wconf 82' lang='lat' dir='ltr'>Provinciarum</span> 
     </span>
     <span class='ocr_line' id='line_1_36' title="bbox 243 2543 1200 2625; baseline 0.008 -31"><span class='ocrx_word' id='word_1_195' title='bbox 243 2590 245 2595; x_wconf 90' lang='grc'><em>,</em></span> <span class='ocrx_word' id='word_1_196' title='bbox 295 2543 458 2625; x_wconf 60' lang='lat' dir='ltr'>Sicilie</span> <span class='ocrx_word' id='word_1_197' title='bbox 477 2577 494 2600; x_wconf 85' lang='lat'><strong>,</strong></span> <span class='ocrx_word' id='word_1_198' title='bbox 530 2544 751 2625; x_wconf 73' lang='lat' dir='ltr'>inquibus</span> <span class='ocrx_word' id='word_1_199' title='bbox 777 2546 805 2596; x_wconf 67' lang='lat' dir='ltr'>a</span> <span class='ocrx_word' id='word_1_200' title='bbox 825 2549 1054 2600; x_wconf 83' lang='lat' dir='ltr'>Fratribus</span> <span class='ocrx_word' id='word_1_201' title='bbox 1076 2568 1200 2602; x_wconf 86' lang='lat' dir='ltr'>exer-</span> 
     </span>
     <span class='ocr_line' id='line_1_37' title="bbox 240 2612 1205 2753; baseline 0.011 -21"><span class='ocrx_word' id='word_1_202' title='bbox 240 2654 241 2657; x_wconf 68' lang='lat'>‘</span> <span class='ocrx_word' id='word_1_203' title='bbox 296 2627 413 2751; x_wconf 65' lang='lat'>{¹5:33</span> <span class='ocrx_word' id='word_1_204' title='bbox 429 2612 740 2753; x_wconf 46' lang='lat' dir='ltr'>„⁸²22”ssssssssssss</span> <span class='ocrx_word' id='word_1_205' title='bbox 763 2615 993 2739; x_wconf 42' lang='lat'>2:212553‘</span> <span class='ocrx_word' id='word_1_206' title='bbox 1009 2624 1205 2742; x_wconf 47' lang='lat'>22⁸3.</span> 
     </span>
    </p>

    <p class='ocr_par' dir='ltr' id='par_1_9' title="bbox 297 2752 1198 2813">
     <span class='ocr_line' id='line_1_38' title="bbox 297 2752 1198 2813; baseline 0.011 -9"><span class='ocrx_word' id='word_1_207' title='bbox 297 2752 499 2804; x_wconf 65' lang='lat' dir='ltr'>(tionem</span> <span class='ocrx_word' id='word_1_208' title='bbox 514 2756 699 2805; x_wconf 86' lang='lat' dir='ltr'>nomine</span> <span class='ocrx_word' id='word_1_209' title='bbox 711 2758 810 2808; x_wconf 79' lang='lat' dir='ltr'>Snae</span> <span class='ocrx_word' id='word_1_210' title='bbox 819 2758 1075 2810; x_wconf 70' lang='lat' dir='ltr'>Sanffitads</span> <span class='ocrx_word' id='word_1_211' title='bbox 1089 2779 1198 2813; x_wconf 87' lang='lat' dir='ltr'>cum</span> 
     </span>
    </p>
   </div>
   <div class='ocr_carea' id='block_1_7' title="bbox 299 2821 1200 2965">
    <p class='ocr_par' dir='ltr' id='par_1_10' title="bbox 299 2821 1200 2965">
     <span class='ocr_line' id='line_1_39' title="bbox 299 2821 1200 2892; baseline 0.012 -18"><span class='ocrx_word' id='word_1_212' title='bbox 299 2821 581 2891; x_wconf 87' lang='lat' dir='ltr'>indulgentia</span> <span class='ocrx_word' id='word_1_213' title='bbox 606 2825 805 2892; x_wconf 84' lang='lat' dir='ltr'>plenaria</span> <span class='ocrx_word' id='word_1_214' title='bbox 834 2828 860 2878; x_wconf 68' lang='grc' dir='ltr'>ὁ</span> <span class='ocrx_word' id='word_1_215' title='bbox 889 2831 1200 2885; x_wconf 68' lang='grc' dir='ltr'>ὓίτεὲὶοῐίδιιε</span> 
     </span>
     <span class='ocr_line' id='line_1_40' title="bbox 299 2891 718 2965; baseline 0.007 -21"><span class='ocrx_word' id='word_1_216' title='bbox 299 2893 400 2944; x_wconf 82' lang='lat' dir='ltr'>dari</span> <span class='ocrx_word' id='word_1_217' title='bbox 422 2891 687 2965; x_wconf 81' lang='lat' dir='ltr'>indulgetur</span> <span class='ocrx_word' id='word_1_218' title='bbox 703 2931 718 2947; x_wconf 90' lang='lat'><strong>.</strong></span> 
     </span>
    </p>
   </div>
   <div class='ocr_carea' id='block_1_8' title="bbox 219 3031 1207 3335">
    <p class='ocr_par' dir='ltr' id='par_1_11' title="bbox 351 3031 1206 3099">
     <span class='ocr_line' id='line_1_41' title="bbox 351 3031 1206 3099; baseline 0.014 -23"><span class='ocrx_word' id='word_1_219' title='bbox 351 3032 432 3076; x_wconf 83' lang='lat' dir='ltr'>Um</span> <span class='ocrx_word' id='word_1_220' title='bbox 449 3031 600 3087; x_wconf 77' lang='lat' dir='ltr'>ingenti</span> <span class='ocrx_word' id='word_1_221' title='bbox 625 3036 840 3080; x_wconf 83' lang='lat' dir='ltr'>animarum</span> <span class='ocrx_word' id='word_1_222' title='bbox 866 3036 996 3083; x_wconf 66' lang='lat' dir='ltr'>fruetu</span> <span class='ocrx_word' id='word_1_223' title='bbox 1023 3040 1046 3084; x_wconf 69' lang='grc' dir='ltr'><strong>ὃ</strong></span> <span class='ocrx_word' id='word_1_224' title='bbox 1067 3044 1206 3099; x_wconf 83' lang='lat' dir='ltr'>Capu·</span> 
     </span>
    </p>

    <p class='ocr_par' dir='ltr' id='par_1_12' title="bbox 365 3090 1207 3155">
     <span class='ocr_line' id='line_1_42' title="bbox 365 3090 1207 3155; baseline 0.017 -24"><span class='ocrx_word' id='word_1_225' title='bbox 365 3090 464 3132; x_wconf 91' lang='lat' dir='ltr'>cinis</span> <span class='ocrx_word' id='word_1_226' title='bbox 478 3090 781 3138; x_wconf 68' lang='lat' dir='ltr'>Provincias-um</span> <span class='ocrx_word' id='word_1_227' title='bbox 794 3096 936 3143; x_wconf 68' lang='lat' dir='ltr'>Sicilie</span> <span class='ocrx_word' id='word_1_228' title='bbox 947 3126 959 3140; x_wconf 89' lang='lat'><strong>.</strong></span> <span class='ocrx_word' id='word_1_229' title='bbox 985 3099 1207 3155; x_wconf 70' lang='lat' dir='ltr'>Refidasms,</span> 
     </span>
    </p>

    <p class='ocr_par' dir='ltr' id='par_1_13' title="bbox 219 3146 1206 3275">
     <span class='ocr_line' id='line_1_43' title="bbox 219 3146 1206 3206; baseline 0.015 -17"><span class='ocrx_word' id='word_1_230' title='bbox 219 3146 330 3205; x_wconf 81' lang='lat' dir='ltr'>ficut</span> <span class='ocrx_word' id='word_1_231' title='bbox 360 3148 409 3197; x_wconf 63' lang='grc' dir='ltr'>δ’</span> <span class='ocrx_word' id='word_1_232' title='bbox 431 3146 677 3206; x_wconf 65' lang='lat' dir='ltr'>extensionem</span> <span class='ocrx_word' id='word_1_233' title='bbox 701 3153 850 3198; x_wconf 72' lang='lat' dir='ltr'>sulum</span> <span class='ocrx_word' id='word_1_234' title='bbox 870 3156 926 3198; x_wconf 66' lang='lat' dir='ltr'>aa</span> <span class='ocrx_word' id='word_1_235' title='bbox 943 3166 1071 3202; x_wconf 73' lang='lat' dir='ltr'>toturn</span> <span class='ocrx_word' id='word_1_236' title='bbox 1084 3158 1206 3203; x_wconf 70' lang='lat' dir='ltr'>ordi-</span> 
     </span>
     <span class='ocr_line' id='line_1_44' title="bbox 234 3207 1206 3275; baseline 0.014 -27"><span class='ocrx_word' id='word_1_237' title='bbox 234 3219 322 3249; x_wconf 76' lang='lat' dir='ltr'>nent</span> <span class='ocrx_word' id='word_1_238' title='bbox 332 3238 347 3262; x_wconf 84' lang='lat'><strong>‚</strong></span> <span class='ocrx_word' id='word_1_239' title='bbox 373 3207 504 3263; x_wconf 75' lang='lat' dir='ltr'>quoad</span> <span class='ocrx_word' id='word_1_240' title='bbox 512 3209 814 3255; x_wconf 66' lang='lat' dir='ltr'>Benedifflmm</span> <span class='ocrx_word' id='word_1_241' title='bbox 825 3242 840 3264; x_wconf 88' lang='lat'>,</span> <span class='ocrx_word' id='word_1_242' title='bbox 853 3215 908 3265; x_wconf 72' lang='grc' dir='ltr'>ά-</span> <span class='ocrx_word' id='word_1_243' title='bbox 920 3216 1206 3275; x_wconf 71' lang='lat' dir='ltr'>indulgentius</span> 
     </span>
    </p>

    <p class='ocr_par' dir='ltr' id='par_1_14' title="bbox 233 3266 1207 3335">
     <span class='ocr_line' id='line_1_45' title="bbox 233 3266 1207 3335; baseline 0.018 -31"><span class='ocrx_word' id='word_1_244' title='bbox 233 3273 319 3310; x_wconf 69' lang='lat' dir='ltr'>tm</span> <span class='ocrx_word' id='word_1_245' title='bbox 330 3278 405 3322; x_wconf 75' lang='lat' dir='ltr'>pro</span> <span class='ocrx_word' id='word_1_246' title='bbox 422 3266 676 3313; x_wconf 64' lang='lat' dir='ltr'>secutaribus</span> <span class='ocrx_word' id='word_1_247' title='bbox 689 3297 704 3322; x_wconf 91' lang='lat'>,</span> <span class='ocrx_word' id='word_1_248' title='bbox 715 3279 802 3314; x_wconf 69' lang='lat' dir='ltr'>ran</span> <span class='ocrx_word' id='word_1_249' title='bbox 809 3281 886 3328; x_wconf 77' lang='lat' dir='ltr'>pro</span> <span class='ocrx_word' id='word_1_250' title='bbox 897 3275 1110 3335; x_wconf 55' lang='lat' dir='ltr'>&amp;ligaſsa</span> <span class='ocrx_word' id='word_1_251' title='bbox 1119 3278 1207 3321; x_wconf 74' lang='lat' dir='ltr'>side</span> 
     </span>
    </p>
   </div>
   <div class='ocr_carea' id='block_1_9' title="bbox 216 3324 539 3385">
    <p class='ocr_par' dir='ltr' id='par_1_15' title="bbox 216 3324 539 3385">
     <span class='ocr_line' id='line_1_46' title="bbox 216 3324 539 3385; baseline -0.003 -14"><span class='ocrx_word' id='word_1_252' title='bbox 216 3324 461 3385; x_wconf 56' lang='lat' dir='ltr'>melfia-3</span> <span class='ocrx_word' id='word_1_253' title='bbox 471 3326 539 3377; x_wconf 87' lang='lat'>76.</span> 
     </span>
    </p>
   </div>
   <div class='ocr_carea' id='block_1_10' title="bbox 1990 198 2157 284">
    <p class='ocr_par' dir='ltr' id='par_1_16' title="bbox 1990 198 2157 284">
     <span class='ocr_line' id='line_1_47' title="bbox 1990 198 2157 284; baseline 0.036 -6"><span class='ocrx_word' id='word_1_254' title='bbox 1990 198 2157 284; x_wconf 74' lang='lat'>405</span> 
     </span>
    </p>
   </div>
   <div class='ocr_carea' id='block_1_11' title="bbox 1442 296 2032 355">
    <p class='ocr_par' dir='ltr' id='par_1_17' title="bbox 1442 296 2032 355">
     <span class='ocr_line' id='line_1_48' title="bbox 1442 296 2032 355; baseline 0.024 -15"><span class='ocrx_word' id='word_1_255' title='bbox 1442 296 1695 348; x_wconf 68' lang='lat' dir='ltr'>‘Provincia</span> <span class='ocrx_word' id='word_1_256' title='bbox 1713 299 2005 352; x_wconf 67' lang='lat' dir='ltr'>Panormitam</span> <span class='ocrx_word' id='word_1_257' title='bbox 2019 341 2032 355; x_wconf 89' lang='lat'><strong>.</strong></span> 
     </span>
    </p>
   </div>
   <div class='ocr_carea' id='block_1_12' title="bbox 1251 415 2221 473">
    <p class='ocr_par' dir='ltr' id='par_1_18' title="bbox 1251 415 2221 473">
     <span class='ocr_line' id='line_1_49' title="bbox 1251 415 2221 473; baseline 0.006 -6"><span class='ocrx_word' id='word_1_258' title='bbox 1251 415 1766 472; x_wconf 80' lang='lat' dir='ltr'>AUCTORITATE</span> <span class='ocrx_word' id='word_1_259' title='bbox 1787 418 2221 473; x_wconf 80' lang='lat' dir='ltr'>APOSTOLICA.</span> 
     </span>
    </p>
   </div>
   <div class='ocr_carea' id='block_1_13' title="bbox 1252 532 2226 888">
    <p class='ocr_par' dir='ltr' id='par_1_19' title="bbox 1252 532 2226 888">
     <span class='ocr_line' id='line_1_50' title="bbox 1252 532 2223 602; baseline -0.002 -16"><span class='ocrx_word' id='word_1_260' title='bbox 1252 538 1377 586; x_wconf 84' lang='lat' dir='ltr'>Vota</span> <span class='ocrx_word' id='word_1_261' title='bbox 1406 532 1456 586; x_wconf 75' lang='grc' dir='ltr'>ἀ</span> <span class='ocrx_word' id='word_1_262' title='bbox 1477 536 1781 585; x_wconf 87' lang='lat' dir='ltr'>Anathemata</span> <span class='ocrx_word' id='word_1_263' title='bbox 1811 552 1868 583; x_wconf 80' lang='lat' dir='ltr'>ex</span> <span class='ocrx_word' id='word_1_264' title='bbox 1884 551 1998 583; x_wconf 86' lang='lat' dir='ltr'>auro</span> <span class='ocrx_word' id='word_1_265' title='bbox 2017 568 2033 590; x_wconf 89' lang='lat'><strong>,</strong></span> <span class='ocrx_word' id='word_1_266' title='bbox 2067 551 2223 602; x_wconf 84' lang='lat' dir='ltr'>argen-</span> 
     </span>
     <span class='ocr_line' id='line_1_51' title="bbox 1316 602 2223 663; baseline -0.001 -9"><span class='ocrx_word' id='word_1_267' title='bbox 1316 620 1368 655; x_wconf 90' lang='lat' dir='ltr'>to</span> <span class='ocrx_word' id='word_1_268' title='bbox 1380 603 1470 656; x_wconf 71' lang='grc' dir='ltr'>ἃς.</span> <span class='ocrx_word' id='word_1_269' title='bbox 1506 602 1711 655; x_wconf 60' lang='lat' dir='ltr'>confecta</span> <span class='ocrx_word' id='word_1_270' title='bbox 1723 640 1739 663; x_wconf 87' lang='lat'>‚</span> <span class='ocrx_word' id='word_1_271' title='bbox 1773 623 1826 655; x_wconf 87' lang='lat' dir='ltr'>ac</span> <span class='ocrx_word' id='word_1_272' title='bbox 1843 604 1901 654; x_wconf 90' lang='lat' dir='ltr'>ad</span> <span class='ocrx_word' id='word_1_273' title='bbox 1919 620 2223 653; x_wconf 82' lang='lat' dir='ltr'>marmoream</span> 
     </span>
     <span class='ocr_line' id='line_1_52' title="bbox 1315 674 2224 746; baseline -0.003 -21"><span class='ocrx_word' id='word_1_274' title='bbox 1315 674 1506 725; x_wconf 84' lang='lat' dir='ltr'>statuam</span> <span class='ocrx_word' id='word_1_275' title='bbox 1541 679 1688 725; x_wconf 85' lang='lat' dir='ltr'>Beatae</span> <span class='ocrx_word' id='word_1_276' title='bbox 1714 675 1920 746; x_wconf 82' lang='lat' dir='ltr'>Virginis</span> <span class='ocrx_word' id='word_1_277' title='bbox 1948 677 2107 724; x_wconf 82' lang='lat' dir='ltr'>Mariae</span> <span class='ocrx_word' id='word_1_278' title='bbox 2140 676 2224 722; x_wconf 81' lang='lat' dir='ltr'>in..</span> 
     </span>
     <span class='ocr_line' id='line_1_53' title="bbox 1314 743 2226 814; baseline -0.004 -18"><span class='ocrx_word' id='word_1_279' title='bbox 1314 743 1512 796; x_wconf 73' lang='lat' dir='ltr'>Ecclesia</span> <span class='ocrx_word' id='word_1_280' title='bbox 1530 749 1740 796; x_wconf 80' lang='lat' dir='ltr'>Fratrum</span> <span class='ocrx_word' id='word_1_281' title='bbox 1760 747 1972 796; x_wconf 89' lang='lat' dir='ltr'>Panormi</span> <span class='ocrx_word' id='word_1_282' title='bbox 1986 745 2142 814; x_wconf 88' lang='lat' dir='ltr'>gratiis</span> <span class='ocrx_word' id='word_1_283' title='bbox 2161 745 2226 792; x_wconf 89' lang='lat' dir='ltr'>in-</span> 
     </span>
     <span class='ocr_line' id='line_1_54' title="bbox 1315 814 2226 888; baseline -0.002 -22"><span class='ocrx_word' id='word_1_284' title='bbox 1315 815 1489 888; x_wconf 78' lang='lat' dir='ltr'>signem</span> <span class='ocrx_word' id='word_1_285' title='bbox 1499 814 1691 886; x_wconf 85' lang='lat' dir='ltr'>appensa</span> <span class='ocrx_word' id='word_1_286' title='bbox 1703 817 1926 885; x_wconf 85' lang='lat' dir='ltr'>acceptari</span> <span class='ocrx_word' id='word_1_287' title='bbox 1943 818 2226 865; x_wconf 86' lang='lat' dir='ltr'>conceditur.</span> 
     </span>
    </p>
   </div>
   <div class='ocr_carea' id='block_1_14' title="bbox 1438 942 2044 987">
    <p class='ocr_par' dir='ltr' id='par_1_20' title="bbox 1438 942 2044 987">
     <span class='ocr_line' id='line_1_55' title="bbox 1438 942 2044 987; baseline -0.005 0"><span class='ocrx_word' id='word_1_288' title='bbox 1438 942 1655 987; x_wconf 68' lang='lat' dir='ltr'>Admodum</span> <span class='ocrx_word' id='word_1_289' title='bbox 1669 943 1889 987; x_wconf 71' lang='lat' dir='ltr'>Reverendo</span> <span class='ocrx_word' id='word_1_290' title='bbox 1903 945 2019 986; x_wconf 80' lang='lat' dir='ltr'>Pater</span> <span class='ocrx_word' id='word_1_291' title='bbox 2031 972 2044 984; x_wconf 92' lang='lat'><strong>.</strong></span> 
     </span>
    </p>
   </div>
   <div class='ocr_carea' id='block_1_15' title="bbox 1254 1058 2233 1348">
    <p class='ocr_par' dir='ltr' id='par_1_21' title="bbox 1254 1058 2233 1348">
     <span class='ocr_line' id='line_1_56' title="bbox 1360 1058 2228 1115; baseline -0.001 -13"><span class='ocrx_word' id='word_1_292' title='bbox 1360 1059 1538 1115; x_wconf 85' lang='lat' dir='ltr'>Rineeps</span> <span class='ocrx_word' id='word_1_293' title='bbox 1551 1061 1801 1113; x_wconf 64' lang='lat' dir='ltr'>Catholicae,</span> <span class='ocrx_word' id='word_1_294' title='bbox 1815 1075 1896 1104; x_wconf 89' lang='lat' dir='ltr'>non</span> <span class='ocrx_word' id='word_1_295' title='bbox 1909 1059 2036 1103; x_wconf 78' lang='lat' dir='ltr'>solum</span> <span class='ocrx_word' id='word_1_296' title='bbox 2050 1060 2117 1102; x_wconf 83' lang='lat' dir='ltr'>suo</span> <span class='ocrx_word' id='word_1_297' title='bbox 2130 1087 2145 1111; x_wconf 92' lang='lat'>‚</span> <span class='ocrx_word' id='word_1_298' title='bbox 2161 1058 2228 1102; x_wconf 84' lang='lat' dir='ltr'>sed</span> 
     </span>
     <span class='ocr_line' id='line_1_57' title="bbox 1373 1118 2233 1174; baseline -0.001 -13"><span class='ocrx_word' id='word_1_299' title='bbox 1373 1119 1493 1161; x_wconf 91' lang='lat' dir='ltr'>etiam</span> <span class='ocrx_word' id='word_1_300' title='bbox 1517 1120 1642 1162; x_wconf 84' lang='lat' dir='ltr'>totius</span> <span class='ocrx_word' id='word_1_301' title='bbox 1661 1119 1895 1163; x_wconf 87' lang='lat' dir='ltr'>Nobilitatis</span> <span class='ocrx_word' id='word_1_302' title='bbox 1921 1121 1963 1161; x_wconf 79' lang='grc' dir='ltr'>δι</span> <span class='ocrx_word' id='word_1_303' title='bbox 1991 1118 2126 1174; x_wconf 90' lang='lat' dir='ltr'>populi</span> <span class='ocrx_word' id='word_1_304' title='bbox 2155 1122 2233 1162; x_wconf 78' lang='lat' dir='ltr'>Pa·</span> 
     </span>
     <span class='ocr_line' id='line_1_58' title="bbox 1255 1176 2231 1232; baseline -0.002 -13"><span class='ocrx_word' id='word_1_305' title='bbox 1255 1176 1470 1219; x_wconf 86' lang='lat' dir='ltr'>normitani</span> <span class='ocrx_word' id='word_1_306' title='bbox 1498 1178 1660 1221; x_wconf 87' lang='lat' dir='ltr'>nomine</span> <span class='ocrx_word' id='word_1_307' title='bbox 1687 1177 1870 1221; x_wconf 86' lang='lat' dir='ltr'>libellum</span> <span class='ocrx_word' id='word_1_308' title='bbox 1901 1177 2115 1232; x_wconf 85' lang='lat' dir='ltr'>supplicem</span> <span class='ocrx_word' id='word_1_309' title='bbox 2130 1178 2231 1218; x_wconf 85' lang='lat' dir='ltr'>San-</span> 
     </span>
     <span class='ocr_line' id='line_1_59' title="bbox 1254 1232 2231 1291; baseline -0.001 -15"><span class='ocrx_word' id='word_1_310' title='bbox 1254 1234 1418 1276; x_wconf 69' lang='lat' dir='ltr'>etiffimo</span> <span class='ocrx_word' id='word_1_311' title='bbox 1441 1234 1615 1276; x_wconf 85' lang='lat' dir='ltr'>Domino</span> <span class='ocrx_word' id='word_1_312' title='bbox 1640 1235 1788 1278; x_wconf 79' lang='lat' dir='ltr'>Nostro</span> <span class='ocrx_word' id='word_1_313' title='bbox 1814 1236 2019 1291; x_wconf 73' lang='lat' dir='ltr'>porrexit,</span> <span class='ocrx_word' id='word_1_314' title='bbox 2050 1248 2130 1291; x_wconf 91' lang='lat' dir='ltr'>quo</span> <span class='ocrx_word' id='word_1_315' title='bbox 2147 1232 2231 1290; x_wconf 88' lang='lat' dir='ltr'>post</span> 
     </span>
     <span class='ocr_line' id='line_1_60' title="bbox 1255 1291 2232 1348; baseline -0.004 -12"><span class='ocrx_word' id='word_1_316' title='bbox 1255 1294 1471 1348; x_wconf 76' lang='lat' dir='ltr'>expolitam</span> <span class='ocrx_word' id='word_1_317' title='bbox 1499 1291 1736 1348; x_wconf 77' lang='lat' dir='ltr'>singularem</span> <span class='ocrx_word' id='word_1_318' title='bbox 1761 1293 2055 1340; x_wconf 78' lang='lat' dir='ltr'>devotionem,</span> <span class='ocrx_word' id='word_1_319' title='bbox 2083 1306 2158 1346; x_wconf 81' lang='lat' dir='ltr'>qua</span> <span class='ocrx_word' id='word_1_320' title='bbox 2191 1296 2232 1333; x_wconf 88' lang='lat' dir='ltr'>in</span> 
     </span>
    </p>
   </div>
   <div class='ocr_carea' id='block_1_16' title="bbox 1253 1344 2303 1404">
    <p class='ocr_par' dir='ltr' id='par_1_22' title="bbox 1253 1344 2303 1404">
     <span class='ocr_line' id='line_1_61' title="bbox 1253 1344 2303 1404; baseline -0.005 -12"><span class='ocrx_word' id='word_1_321' title='bbox 1253 1351 1321 1393; x_wconf 85' lang='lat' dir='ltr'>ista</span> <span class='ocrx_word' id='word_1_322' title='bbox 1346 1352 1422 1394; x_wconf 81' lang='lat' dir='ltr'>PP.</span> <span class='ocrx_word' id='word_1_323' title='bbox 1438 1352 1740 1404; x_wconf 85' lang='lat' dir='ltr'>Capucinorum</span> <span class='ocrx_word' id='word_1_324' title='bbox 1772 1349 1945 1394; x_wconf 81' lang='lat' dir='ltr'>Ecclefia</span> <span class='ocrx_word' id='word_1_325' title='bbox 1961 1344 2231 1390; x_wconf 57' lang='lat' dir='ltr'>miraculosa,</span> <span class='ocrx_word' id='word_1_326' title='bbox 2299 1388 2303 1393; x_wconf 86' lang='grc'><em>,</em></span> 
     </span>
    </p>
   </div>
   <div class='ocr_carea' id='block_1_17' title="bbox 1253 1404 2242 2801">
    <p class='ocr_par' dir='ltr' id='par_1_23' title="bbox 1253 1404 2242 2801">
     <span class='ocr_line' id='line_1_62' title="bbox 1253 1404 2232 1464; baseline -0.007 -13"><span class='ocrx_word' id='word_1_327' title='bbox 1253 1409 1388 1463; x_wconf 81' lang='lat' dir='ltr'>imago</span> <span class='ocrx_word' id='word_1_328' title='bbox 1414 1412 1541 1451; x_wconf 67' lang='lat' dir='ltr'>Beate</span> <span class='ocrx_word' id='word_1_329' title='bbox 1555 1409 1733 1464; x_wconf 86' lang='lat' dir='ltr'>Virginis</span> <span class='ocrx_word' id='word_1_330' title='bbox 1758 1408 1894 1451; x_wconf 67' lang='lat' dir='ltr'>Maria</span> <span class='ocrx_word' id='word_1_331' title='bbox 1908 1407 2079 1447; x_wconf 87' lang='lat' dir='ltr'>Puerum</span> <span class='ocrx_word' id='word_1_332' title='bbox 2100 1404 2232 1458; x_wconf 83' lang='lat' dir='ltr'>Jesum</span> 
     </span>
     <span class='ocr_line' id='line_1_63' title="bbox 1254 1459 2235 1516; baseline -0.005 -7"><span class='ocrx_word' id='word_1_333' title='bbox 1254 1466 1420 1509; x_wconf 83' lang='lat' dir='ltr'>brachio</span> <span class='ocrx_word' id='word_1_334' title='bbox 1433 1466 1607 1509; x_wconf 89' lang='lat' dir='ltr'>tenentis</span> <span class='ocrx_word' id='word_1_335' title='bbox 1618 1493 1634 1516; x_wconf 86' lang='lat'>,</span> <span class='ocrx_word' id='word_1_336' title='bbox 1665 1466 1707 1508; x_wconf 88' lang='lat' dir='ltr'>in</span> <span class='ocrx_word' id='word_1_337' title='bbox 1723 1476 1922 1505; x_wconf 87' lang='lat' dir='ltr'>marmore</span> <span class='ocrx_word' id='word_1_338' title='bbox 1947 1459 2118 1516; x_wconf 77' lang='lat' dir='ltr'>expreisa</span> <span class='ocrx_word' id='word_1_339' title='bbox 2131 1462 2235 1505; x_wconf 92' lang='lat' dir='ltr'>coli·</span> 
     </span>
     <span class='ocr_line' id='line_1_64' title="bbox 1258 1519 2236 1577; baseline -0.004 -12"><span class='ocrx_word' id='word_1_340' title='bbox 1258 1535 1356 1574; x_wconf 86' lang='lat' dir='ltr'>tur,</span> <span class='ocrx_word' id='word_1_341' title='bbox 1385 1525 1425 1564; x_wconf 77' lang='grc' dir='ltr'>δι</span> <span class='ocrx_word' id='word_1_342' title='bbox 1446 1523 1687 1577; x_wconf 73' lang='lat' dir='ltr'>postrelatas</span> <span class='ocrx_word' id='word_1_343' title='bbox 1710 1522 1919 1564; x_wconf 89' lang='lat' dir='ltr'>continuas</span> <span class='ocrx_word' id='word_1_344' title='bbox 1945 1521 2117 1575; x_wconf 78' lang='lat' dir='ltr'>gratias,</span> <span class='ocrx_word' id='word_1_345' title='bbox 2147 1519 2236 1576; x_wconf 85' lang='lat' dir='ltr'>qui-</span> 
     </span>
     <span class='ocr_line' id='line_1_65' title="bbox 1259 1578 2237 1634; baseline -0.004 -11"><span class='ocrx_word' id='word_1_346' title='bbox 1259 1582 1331 1623; x_wconf 88' lang='lat' dir='ltr'>bus</span> <span class='ocrx_word' id='word_1_347' title='bbox 1345 1581 1519 1622; x_wconf 76' lang='lat' dir='ltr'>devotus</span> <span class='ocrx_word' id='word_1_348' title='bbox 1542 1579 1717 1634; x_wconf 87' lang='lat' dir='ltr'>populus</span> <span class='ocrx_word' id='word_1_349' title='bbox 1743 1579 1852 1621; x_wconf 87' lang='lat' dir='ltr'>illius</span> <span class='ocrx_word' id='word_1_350' title='bbox 1869 1578 2142 1622; x_wconf 82' lang='lat' dir='ltr'>interceffione</span> <span class='ocrx_word' id='word_1_351' title='bbox 2164 1591 2237 1620; x_wconf 83' lang='lat' dir='ltr'>au-</span> 
     </span>
     <span class='ocr_line' id='line_1_66' title="bbox 1261 1635 2237 1693; baseline -0.005 -12"><span class='ocrx_word' id='word_1_352' title='bbox 1261 1638 1464 1689; x_wconf 85' lang='lat' dir='ltr'>mulatur‚</span> <span class='ocrx_word' id='word_1_353' title='bbox 1492 1638 1657 1693; x_wconf 76' lang='lat' dir='ltr'>exponit</span> <span class='ocrx_word' id='word_1_354' title='bbox 1683 1646 1770 1679; x_wconf 90' lang='lat' dir='ltr'>tum</span> <span class='ocrx_word' id='word_1_355' title='bbox 1782 1635 1916 1679; x_wconf 82' lang='lat' dir='ltr'>zelum</span> <span class='ocrx_word' id='word_1_356' title='bbox 1946 1638 1987 1678; x_wconf 75' lang='grc' dir='ltr'>δι</span> <span class='ocrx_word' id='word_1_357' title='bbox 2007 1635 2237 1684; x_wconf 82' lang='lat' dir='ltr'>fervorem,</span> 
     </span>
     <span class='ocr_line' id='line_1_67' title="bbox 1259 1693 2240 1752; baseline -0.005 -13"><span class='ocrx_word' id='word_1_358' title='bbox 1259 1710 1339 1752; x_wconf 88' lang='lat' dir='ltr'>quo</span> <span class='ocrx_word' id='word_1_359' title='bbox 1354 1697 1418 1739; x_wconf 79' lang='lat' dir='ltr'>bie</span> <span class='ocrx_word' id='word_1_360' title='bbox 1433 1696 1482 1740; x_wconf 81' lang='lat' dir='ltr'>ad</span> <span class='ocrx_word' id='word_1_361' title='bbox 1499 1695 1728 1739; x_wconf 83' lang='lat' dir='ltr'>oblationes</span> <span class='ocrx_word' id='word_1_362' title='bbox 1748 1707 1799 1737; x_wconf 87' lang='lat' dir='ltr'>ex</span> <span class='ocrx_word' id='word_1_363' title='bbox 1814 1708 1916 1738; x_wconf 88' lang='lat' dir='ltr'>auro</span> <span class='ocrx_word' id='word_1_364' title='bbox 1928 1721 1945 1746; x_wconf 82' lang='lat'>,</span> <span class='ocrx_word' id='word_1_365' title='bbox 1968 1704 2142 1749; x_wconf 84' lang='lat' dir='ltr'>argento</span> <span class='ocrx_word' id='word_1_366' title='bbox 2154 1693 2240 1734; x_wconf 76' lang='lat' dir='ltr'>&amp;c-</span> 
     </span>
     <span class='ocr_line' id='line_1_68' title="bbox 1260 1750 2235 1810; baseline -0.007 -12"><span class='ocrx_word' id='word_1_367' title='bbox 1260 1753 1490 1798; x_wconf 75' lang='lat' dir='ltr'>Beatiffimoe</span> <span class='ocrx_word' id='word_1_368' title='bbox 1503 1754 1657 1810; x_wconf 86' lang='lat' dir='ltr'>Virgini</span> <span class='ocrx_word' id='word_1_369' title='bbox 1671 1750 1869 1796; x_wconf 80' lang='lat' dir='ltr'>faciendas</span> <span class='ocrx_word' id='word_1_370' title='bbox 1884 1752 2106 1797; x_wconf 77' lang='lat' dir='ltr'>stimulatur</span> <span class='ocrx_word' id='word_1_371' title='bbox 2118 1779 2134 1800; x_wconf 87' lang='lat'>,</span> <span class='ocrx_word' id='word_1_372' title='bbox 2146 1761 2235 1792; x_wconf 87' lang='lat' dir='ltr'>tum</span> 
     </span>
     <span class='ocr_line' id='line_1_69' title="bbox 1261 1807 2235 1869; baseline -0.006 -13"><span class='ocrx_word' id='word_1_373' title='bbox 1261 1811 1559 1869; x_wconf 83' lang='lat' dir='ltr'>Religiosorum</span> <span class='ocrx_word' id='word_1_374' title='bbox 1584 1812 1634 1855; x_wconf 89' lang='lat' dir='ltr'>ad</span> <span class='ocrx_word' id='word_1_375' title='bbox 1650 1807 1873 1866; x_wconf 81' lang='lat' dir='ltr'>hujusmodi</span> <span class='ocrx_word' id='word_1_376' title='bbox 1886 1820 2010 1864; x_wconf 78' lang='lat' dir='ltr'>vota,</span> <span class='ocrx_word' id='word_1_377' title='bbox 2039 1810 2095 1853; x_wconf 88' lang='lat' dir='ltr'>ob</span> <span class='ocrx_word' id='word_1_378' title='bbox 2119 1810 2235 1853; x_wconf 90' lang='lat' dir='ltr'>timo-</span> 
     </span>
     <span class='ocr_line' id='line_1_70' title="bbox 1258 1867 2240 1927; baseline -0.005 -14"><span class='ocrx_word' id='word_1_379' title='bbox 1258 1886 1344 1914; x_wconf 87' lang='lat' dir='ltr'>rem</span> <span class='ocrx_word' id='word_1_380' title='bbox 1368 1870 1535 1915; x_wconf 67' lang='lat' dir='ltr'>lndendi</span> <span class='ocrx_word' id='word_1_381' title='bbox 1564 1880 1660 1914; x_wconf 80' lang='lat' dir='ltr'>sota</span> <span class='ocrx_word' id='word_1_382' title='bbox 1686 1867 1960 1927; x_wconf 80' lang='lat' dir='ltr'>paupertatis,</span> <span class='ocrx_word' id='word_1_383' title='bbox 1989 1867 2240 1924; x_wconf 84' lang='lat' dir='ltr'>acceptanda</span> 
     </span>
     <span class='ocr_line' id='line_1_71' title="bbox 1257 1924 2240 1986; baseline -0.007 -13"><span class='ocrx_word' id='word_1_384' title='bbox 1257 1929 1561 1986; x_wconf 72' lang='lat' dir='ltr'>repugnantiam</span> <span class='ocrx_word' id='word_1_385' title='bbox 1578 1957 1593 1971; x_wconf 89' lang='lat'>.</span> <span class='ocrx_word' id='word_1_386' title='bbox 1641 1930 1869 1985; x_wconf 77' lang='lat' dir='ltr'>Eapropter</span> <span class='ocrx_word' id='word_1_387' title='bbox 1913 1931 2000 1972; x_wconf 70' lang='lat' dir='ltr'>Sue</span> <span class='ocrx_word' id='word_1_388' title='bbox 2030 1924 2240 1971; x_wconf 66' lang='lat' dir='ltr'>sanctitati</span> 
     </span>
     <span class='ocr_line' id='line_1_72' title="bbox 1257 1982 2242 2044; baseline -0.004 -14"><span class='ocrx_word' id='word_1_389' title='bbox 1257 1989 1524 2044; x_wconf 77' lang='lat' dir='ltr'>supplicavit,</span> <span class='ocrx_word' id='word_1_390' title='bbox 1552 1997 1748 2043; x_wconf 89' lang='lat' dir='ltr'>quatenus</span> <span class='ocrx_word' id='word_1_391' title='bbox 1771 1986 1821 2031; x_wconf 86' lang='lat' dir='ltr'>ad</span> <span class='ocrx_word' id='word_1_392' title='bbox 1850 1987 1955 2028; x_wconf 84' lang='lat' dir='ltr'>hunc</span> <span class='ocrx_word' id='word_1_393' title='bbox 1989 1984 2117 2028; x_wconf 86' lang='lat' dir='ltr'>solum</span> <span class='ocrx_word' id='word_1_394' title='bbox 2146 1982 2242 2026; x_wconf 79' lang='lat' dir='ltr'>effe-</span> 
     </span>
     <span class='ocr_line' id='line_1_73' title="bbox 1256 2040 2241 2104; baseline -0.006 -15"><span class='ocrx_word' id='word_1_395' title='bbox 1256 2050 1364 2090; x_wconf 73' lang='lat' dir='ltr'>etum</span> <span class='ocrx_word' id='word_1_396' title='bbox 1383 2045 1606 2104; x_wconf 85' lang='lat' dir='ltr'>Religiosos</span> <span class='ocrx_word' id='word_1_397' title='bbox 1633 2047 1674 2088; x_wconf 85' lang='lat' dir='ltr'>in</span> <span class='ocrx_word' id='word_1_398' title='bbox 1689 2041 1855 2101; x_wconf 67' lang='lat' dir='ltr'>pensato</span> <span class='ocrx_word' id='word_1_399' title='bbox 1870 2055 1973 2087; x_wconf 78' lang='lat' dir='ltr'>voto</span> <span class='ocrx_word' id='word_1_400' title='bbox 1988 2040 2213 2099; x_wconf 77' lang='lat' dir='ltr'>dispensare</span> <span class='ocrx_word' id='word_1_401' title='bbox 2227 2067 2241 2090; x_wconf 87' lang='lat'><em>,</em></span> 
     </span>
     <span class='ocr_line' id='line_1_74' title="bbox 1256 2098 2242 2160; baseline -0.007 -12"><span class='ocrx_word' id='word_1_402' title='bbox 1256 2107 1295 2148; x_wconf 73' lang='grc' dir='ltr'>δι</span> <span class='ocrx_word' id='word_1_403' title='bbox 1323 2116 1404 2147; x_wconf 89' lang='lat' dir='ltr'>non</span> <span class='ocrx_word' id='word_1_404' title='bbox 1431 2104 1556 2151; x_wconf 69' lang='lat' dir='ltr'>solnm</span> <span class='ocrx_word' id='word_1_405' title='bbox 1586 2100 1765 2160; x_wconf 73' lang='lat' dir='ltr'>presenti</span> <span class='ocrx_word' id='word_1_406' title='bbox 1797 2105 1842 2146; x_wconf 74' lang='lat' dir='ltr'>P.</span> <span class='ocrx_word' id='word_1_407' title='bbox 1870 2102 2109 2146; x_wconf 90' lang='lat' dir='ltr'>Guardiano</span> <span class='ocrx_word' id='word_1_408' title='bbox 2129 2129 2144 2153; x_wconf 88' lang='lat'><strong>‚</strong></span> <span class='ocrx_word' id='word_1_409' title='bbox 2174 2098 2242 2142; x_wconf 85' lang='lat' dir='ltr'>sed</span> 
     </span>
     <span class='ocr_line' id='line_1_75' title="bbox 1255 2160 2242 2275; baseline -0.006 -69"><span class='ocrx_word' id='word_1_410' title='bbox 1255 2161 1581 2264; x_wconf 51' lang='lat' dir='ltr'>{tiamndeajusdeuss</span> <span class='ocrx_word' id='word_1_411' title='bbox 1596 2160 2242 2275; x_wconf 39' lang='lat' dir='ltr'>§ufficffiqriff‘famgss‘ffi&#39;tn</span> 
     </span>
     <span class='ocr_line' id='line_1_76' title="bbox 1273 2232 2241 2275; baseline -0.003 -12"><span class='ocrx_word' id='word_1_412' title='bbox 1273 2234 1358 2263; x_wconf 79' lang='lat' dir='ltr'>acie</span> <span class='ocrx_word' id='word_1_413' title='bbox 1439 2235 1526 2264; x_wconf 88' lang='lat' dir='ltr'>rum</span> <span class='ocrx_word' id='word_1_414' title='bbox 1585 2235 1650 2275; x_wconf 74' lang='lat' dir='ltr'>uju</span> <span class='ocrx_word' id='word_1_415' title='bbox 1670 2235 1709 2262; x_wconf 88' lang='lat' dir='ltr'>m</span> <span class='ocrx_word' id='word_1_416' title='bbox 1769 2234 1822 2262; x_wconf 77' lang='lat' dir='ltr'>ro</span> <span class='ocrx_word' id='word_1_417' title='bbox 1867 2233 1888 2261; x_wconf 87' lang='lat' dir='ltr'>a</span> <span class='ocrx_word' id='word_1_418' title='bbox 1912 2232 2009 2263; x_wconf 80' lang='lat' dir='ltr'>ionu</span> <span class='ocrx_word' id='word_1_419' title='bbox 2120 2232 2139 2260; x_wconf 88' lang='lat' dir='ltr'>r</span> <span class='ocrx_word' id='word_1_420' title='bbox 2220 2243 2241 2253; x_wconf 92' lang='lat'>-</span> 
     </span>
     <span class='ocr_line' id='line_1_77' title="bbox 1255 2275 2240 2335; baseline -0.006 -13"><span class='ocrx_word' id='word_1_421' title='bbox 1255 2290 1342 2324; x_wconf 87' lang='lat' dir='ltr'>tere</span> <span class='ocrx_word' id='word_1_422' title='bbox 1362 2280 1599 2335; x_wconf 86' lang='lat' dir='ltr'>dignaretur</span> <span class='ocrx_word' id='word_1_423' title='bbox 1614 2305 1626 2319; x_wconf 88' lang='lat'><strong>.</strong></span> <span class='ocrx_word' id='word_1_424' title='bbox 1661 2278 1859 2321; x_wconf 74' lang='lat' dir='ltr'>Instantiis</span> <span class='ocrx_word' id='word_1_425' title='bbox 1888 2288 1968 2320; x_wconf 87' lang='lat' dir='ltr'>tam</span> <span class='ocrx_word' id='word_1_426' title='bbox 1998 2278 2073 2333; x_wconf 83' lang='lat' dir='ltr'>piis</span> <span class='ocrx_word' id='word_1_427' title='bbox 2088 2275 2240 2319; x_wconf 90' lang='lat' dir='ltr'>conde-</span> 
     </span>
     <span class='ocr_line' id='line_1_78' title="bbox 1255 2335 2240 2390; baseline -0.007 -9"><span class='ocrx_word' id='word_1_428' title='bbox 1255 2337 1409 2381; x_wconf 70' lang='lat' dir='ltr'>stendit</span> <span class='ocrx_word' id='word_1_429' title='bbox 1424 2336 1687 2382; x_wconf 71' lang='lat' dir='ltr'>sanffiffirnus</span> <span class='ocrx_word' id='word_1_430' title='bbox 1701 2335 1998 2380; x_wconf 74' lang='lat' dir='ltr'>clementissime</span> <span class='ocrx_word' id='word_1_431' title='bbox 2013 2364 2030 2390; x_wconf 87' lang='lat'>,</span> <span class='ocrx_word' id='word_1_432' title='bbox 2062 2335 2240 2389; x_wconf 84' lang='lat' dir='ltr'>mihique</span> 
     </span>
     <span class='ocr_line' id='line_1_79' title="bbox 1256 2393 2240 2451; baseline -0.004 -11"><span class='ocrx_word' id='word_1_433' title='bbox 1256 2396 1427 2451; x_wconf 82' lang='lat' dir='ltr'>injunxit</span> <span class='ocrx_word' id='word_1_434' title='bbox 1442 2424 1459 2448; x_wconf 89' lang='lat'>‚</span> <span class='ocrx_word' id='word_1_435' title='bbox 1487 2407 1532 2440; x_wconf 82' lang='lat' dir='ltr'>nt</span> <span class='ocrx_word' id='word_1_436' title='bbox 1549 2410 1637 2440; x_wconf 86' lang='lat' dir='ltr'>cum</span> <span class='ocrx_word' id='word_1_437' title='bbox 1652 2393 1847 2439; x_wconf 81' lang='lat' dir='ltr'>facultate</span> <span class='ocrx_word' id='word_1_438' title='bbox 1870 2394 2115 2438; x_wconf 62' lang='lat' dir='ltr'>auctoritatis</span> <span class='ocrx_word' id='word_1_439' title='bbox 2130 2395 2240 2448; x_wconf 77' lang='lat' dir='ltr'>Apo-</span> 
     </span>
     <span class='ocr_line' id='line_1_80' title="bbox 1257 2451 2239 2508; baseline -0.009 -8"><span class='ocrx_word' id='word_1_440' title='bbox 1257 2455 1403 2500; x_wconf 69' lang='lat' dir='ltr'>italica</span> <span class='ocrx_word' id='word_1_441' title='bbox 1413 2453 1652 2499; x_wconf 77' lang='lat' dir='ltr'>Paternitati</span> <span class='ocrx_word' id='word_1_442' title='bbox 1668 2455 1816 2496; x_wconf 64' lang='lat' dir='ltr'>Vestra</span> <span class='ocrx_word' id='word_1_443' title='bbox 1838 2451 2052 2498; x_wconf 85' lang='lat' dir='ltr'>scriberem</span> <span class='ocrx_word' id='word_1_444' title='bbox 2068 2482 2084 2504; x_wconf 88' lang='lat'>,</span> <span class='ocrx_word' id='word_1_445' title='bbox 2114 2451 2239 2508; x_wconf 87' lang='lat' dir='ltr'>quod,</span> 
     </span>
     <span class='ocr_line' id='line_1_81' title="bbox 1257 2510 2238 2566; baseline -0.006 -9"><span class='ocrx_word' id='word_1_446' title='bbox 1257 2527 1342 2557; x_wconf 88' lang='lat' dir='ltr'>non</span> <span class='ocrx_word' id='word_1_447' title='bbox 1368 2512 1549 2556; x_wconf 70' lang='lat' dir='ltr'>obstante</span> <span class='ocrx_word' id='word_1_448' title='bbox 1592 2511 1836 2566; x_wconf 82' lang='lat' dir='ltr'>paupertatis</span> <span class='ocrx_word' id='word_1_449' title='bbox 1868 2522 1970 2557; x_wconf 78' lang='lat' dir='ltr'>voto</span> <span class='ocrx_word' id='word_1_450' title='bbox 2013 2510 2238 2555; x_wconf 88' lang='lat' dir='ltr'>oblationes</span> 
     </span>
     <span class='ocr_line' id='line_1_82' title="bbox 1258 2566 2240 2626; baseline -0.006 -12"><span class='ocrx_word' id='word_1_451' title='bbox 1258 2583 1534 2626; x_wconf 84' lang='lat' dir='ltr'>gemmarum,</span> <span class='ocrx_word' id='word_1_452' title='bbox 1565 2582 1778 2624; x_wconf 86' lang='lat' dir='ltr'>rerumque</span> <span class='ocrx_word' id='word_1_453' title='bbox 1803 2567 1968 2613; x_wconf 77' lang='lat' dir='ltr'>aliarum</span> <span class='ocrx_word' id='word_1_454' title='bbox 1986 2596 2002 2620; x_wconf 89' lang='lat'>,</span> <span class='ocrx_word' id='word_1_455' title='bbox 2030 2582 2127 2624; x_wconf 83' lang='lat' dir='ltr'>quas</span> <span class='ocrx_word' id='word_1_456' title='bbox 2144 2566 2240 2609; x_wconf 82' lang='lat' dir='ltr'>fide-</span> 
     </span>
     <span class='ocr_line' id='line_1_83' title="bbox 1260 2625 2240 2682; baseline -0.006 -9"><span class='ocrx_word' id='word_1_457' title='bbox 1260 2631 1319 2673; x_wconf 89' lang='lat' dir='ltr'>les</span> <span class='ocrx_word' id='word_1_458' title='bbox 1341 2629 1391 2671; x_wconf 92' lang='lat' dir='ltr'>ad</span> <span class='ocrx_word' id='word_1_459' title='bbox 1406 2630 1550 2672; x_wconf 71' lang='lat' dir='ltr'>dietam</span> <span class='ocrx_word' id='word_1_460' title='bbox 1569 2628 1786 2682; x_wconf 85' lang='lat' dir='ltr'>lmaginem</span> <span class='ocrx_word' id='word_1_461' title='bbox 1815 2625 1959 2669; x_wconf 78' lang='lat' dir='ltr'>offerre</span> <span class='ocrx_word' id='word_1_462' title='bbox 1986 2625 2138 2682; x_wconf 77' lang='lat' dir='ltr'>possent</span> <span class='ocrx_word' id='word_1_463' title='bbox 2151 2652 2166 2675; x_wconf 80' lang='lat'>‚</span> <span class='ocrx_word' id='word_1_464' title='bbox 2180 2639 2240 2668; x_wconf 90' lang='lat' dir='ltr'>re·</span> 
     </span>
     <span class='ocr_line' id='line_1_84' title="bbox 1258 2685 2149 2745; baseline -0.007 -13"><span class='ocrx_word' id='word_1_465' title='bbox 1258 2689 1393 2745; x_wconf 89' lang='lat' dir='ltr'>cipere</span> <span class='ocrx_word' id='word_1_466' title='bbox 1406 2699 1525 2743; x_wconf 88' lang='lat' dir='ltr'>queat</span> <span class='ocrx_word' id='word_1_467' title='bbox 1541 2716 1554 2728; x_wconf 94' lang='lat'><strong>.</strong></span> <span class='ocrx_word' id='word_1_468' title='bbox 1583 2687 1629 2728; x_wconf 87' lang='lat' dir='ltr'>ln</span> <span class='ocrx_word' id='word_1_469' title='bbox 1644 2685 1924 2728; x_wconf 85' lang='lat' dir='ltr'>executionem</span> <span class='ocrx_word' id='word_1_470' title='bbox 1939 2685 2053 2742; x_wconf 84' lang='lat' dir='ltr'>proin</span> <span class='ocrx_word' id='word_1_471' title='bbox 2070 2685 2149 2727; x_wconf 69' lang='grc' dir='ltr'>ἃς.</span> 
     </span>
     <span class='ocr_line' id='line_1_85' title="bbox 1377 2743 1906 2801; baseline -0.009 -10"><span class='ocrx_word' id='word_1_472' title='bbox 1377 2747 1518 2791; x_wconf 71' lang='lat' dir='ltr'>Roma</span> <span class='ocrx_word' id='word_1_473' title='bbox 1535 2758 1598 2797; x_wconf 84' lang='lat'>¹⁷·</span> <span class='ocrx_word' id='word_1_474' title='bbox 1613 2743 1766 2801; x_wconf 86' lang='lat' dir='ltr'>Aprilis</span> <span class='ocrx_word' id='word_1_475' title='bbox 1782 2755 1906 2794; x_wconf 80' lang='lat'>¹750·</span> 
     </span>
    </p>
   </div>
   <div class='ocr_carea' id='block_1_18' title="bbox 1322 2858 2239 3036">
    <p class='ocr_par' dir='ltr' id='par_1_24' title="bbox 1322 2858 2239 3036">
     <span class='ocr_line' id='line_1_86' title="bbox 1563 2858 2239 2905; baseline -0.001 -3"><span class='ocrx_word' id='word_1_476' title='bbox 1563 2860 1644 2903; x_wconf 86' lang='lat' dir='ltr'>Th.</span> <span class='ocrx_word' id='word_1_477' title='bbox 1660 2858 1786 2904; x_wconf 84' lang='lat' dir='ltr'>Card.</span> <span class='ocrx_word' id='word_1_478' title='bbox 1800 2860 1947 2905; x_wconf 75' lang='lat' dir='ltr'>Ruffus</span> <span class='ocrx_word' id='word_1_479' title='bbox 1960 2862 2115 2904; x_wconf 86' lang='lat' dir='ltr'>Decan.</span> <span class='ocrx_word' id='word_1_480' title='bbox 2127 2861 2239 2902; x_wconf 86' lang='lat' dir='ltr'>Prot.</span> 
     </span>
     <span class='ocr_line' id='line_1_87' title="bbox 1322 2976 2198 3036; baseline -0.006 -13"><span class='ocrx_word' id='word_1_481' title='bbox 1322 2977 1621 3036; x_wconf 79' lang='lat' dir='ltr'>Autograpb.s&#39;n</span> <span class='ocrx_word' id='word_1_482' title='bbox 1636 2976 1974 3023; x_wconf 57' lang='lat' dir='ltr'>Arcaconmtas</span> <span class='ocrx_word' id='word_1_483' title='bbox 1991 2980 2198 3022; x_wconf 73' lang='lat' dir='ltr'>Pauor-nsit.</span> 
     </span>
    </p>
   </div>
   <div class='ocr_carea' id='block_1_19' title="bbox 1889 3058 2118 3076">
    <p class='ocr_par' dir='ltr' id='par_1_25' title="bbox 1889 3058 2118 3076">
     <span class='ocr_line' id='line_1_88' title="bbox 1889 3058 2118 3076; baseline 0 0"><span class='ocrx_word' id='word_1_484' title='bbox 1889 3058 2118 3076; x_wconf 95' lang='lat' dir='ltr'> </span> 
     </span>
    </p>
   </div>
   <div class='ocr_carea' id='block_1_20' title="bbox 1473 3153 2029 3225">
    <p class='ocr_par' dir='ltr' id='par_1_26' title="bbox 1473 3153 2029 3225">
     <span class='ocr_line' id='line_1_89' title="bbox 1473 3153 2029 3225; baseline -0.002 -17"><span class='ocrx_word' id='word_1_485' title='bbox 1473 3154 1710 3210; x_wconf 71' lang='lat' dir='ltr'>Provinciae</span> <span class='ocrx_word' id='word_1_486' title='bbox 1726 3154 1792 3208; x_wconf 83' lang='lat' dir='ltr'><em>M</em></span> <span class='ocrx_word' id='word_1_487' title='bbox 1791 3153 1995 3225; x_wconf 76' lang='lat' dir='ltr'>ffraenfi&#39;s</span> <span class='ocrx_word' id='word_1_488' title='bbox 2014 3191 2029 3207; x_wconf 85' lang='lat'>.</span> 
     </span>
    </p>
   </div>
   <div class='ocr_carea' id='block_1_21' title="bbox 1263 3273 2238 3400">
    <p class='ocr_par' dir='ltr' id='par_1_27' title="bbox 1263 3273 2238 3400">
     <span class='ocr_line' id='line_1_90' title="bbox 1263 3273 2238 3342; baseline -0.012 -10"><span class='ocrx_word' id='word_1_489' title='bbox 1263 3282 1423 3332; x_wconf 80' lang='lat' dir='ltr'>Sacras</span> <span class='ocrx_word' id='word_1_490' title='bbox 1451 3276 1683 3342; x_wconf 86' lang='lat' dir='ltr'>Reliquias</span> <span class='ocrx_word' id='word_1_491' title='bbox 1713 3276 1769 3326; x_wconf 88' lang='lat' dir='ltr'>ab</span> <span class='ocrx_word' id='word_1_492' title='bbox 1798 3273 1995 3326; x_wconf 80' lang='lat' dir='ltr'>Ecclesia</span> <span class='ocrx_word' id='word_1_493' title='bbox 2023 3276 2238 3321; x_wconf 80' lang='lat' dir='ltr'>Fratrum</span> 
     </span>
     <span class='ocr_line' id='line_1_91' title="bbox 1334 3342 2197 3400; baseline -0.012 0"><span class='ocrx_word' id='word_1_494' title='bbox 1334 3345 1512 3400; x_wconf 71' lang='lat' dir='ltr'>Domus</span> <span class='ocrx_word' id='word_1_495' title='bbox 1528 3346 1834 3396; x_wconf 79' lang='lat' dir='ltr'>Gibilmannae</span> <span class='ocrx_word' id='word_1_496' title='bbox 1858 3342 2032 3393; x_wconf 85' lang='lat' dir='ltr'>extrahi</span> <span class='ocrx_word' id='word_1_497' title='bbox 2046 3355 2197 3391; x_wconf 86' lang='lat' dir='ltr'>vetar.</span> 
     </span>
    </p>
   </div>
   <div class='ocr_carea' id='block_1_22' title="bbox 1366 3462 2127 3534">
    <p class='ocr_par' dir='ltr' id='par_1_28' title="bbox 1366 3462 2127 3534">
     <span class='ocr_line' id='line_1_92' title="bbox 1366 3462 2127 3534; baseline -0.009 -18"><span class='ocrx_word' id='word_1_498' title='bbox 1366 3466 1769 3534; x_wconf 78' lang='lat' dir='ltr'>CLEMENS</span> <span class='ocrx_word' id='word_1_499' title='bbox 1813 3462 2024 3512; x_wconf 80' lang='lat' dir='ltr'>PAPA</span> <span class='ocrx_word' id='word_1_500' title='bbox 2060 3462 2127 3511; x_wconf 86' lang='lat' dir='ltr'>x.</span> 
     </span>
    </p>
   </div>
   <div class='ocr_carea' id='block_1_23' title="bbox 1448 3578 2049 3638">
    <p class='ocr_par' dir='ltr' id='par_1_29' title="bbox 1448 3578 2049 3638">
     <span class='ocr_line' id='line_1_93' title="bbox 1448 3578 2049 3638; baseline -0.008 -14"><span class='ocrx_word' id='word_1_501' title='bbox 1448 3578 1708 3638; x_wconf 73' lang='lat' dir='ltr'>Adfatus-am</span> <span class='ocrx_word' id='word_1_502' title='bbox 1722 3582 1783 3621; x_wconf 74' lang='lat' dir='ltr'>res·</span> <span class='ocrx_word' id='word_1_503' title='bbox 1799 3578 2023 3621; x_wconf 76' lang='lat' dir='ltr'>memoriam</span> <span class='ocrx_word' id='word_1_504' title='bbox 2036 3607 2049 3619; x_wconf 93' lang='lat'><strong>.</strong></span> 
     </span>
    </p>
   </div>
   <div class='ocr_carea' id='block_1_24' title="bbox 1304 3683 2235 3857">
    <p class='ocr_par' dir='ltr' id='par_1_30' title="bbox 1304 3683 2235 3857">
     <span class='ocr_line' id='line_1_94' title="bbox 1380 3683 2235 3731; baseline -0.008 0"><span class='ocrx_word' id='word_1_505' title='bbox 1380 3685 1663 3731; x_wconf 79' lang='lat' dir='ltr'>Onservationi</span> <span class='ocrx_word' id='word_1_506' title='bbox 1697 3688 1739 3730; x_wconf 74' lang='lat' dir='ltr'>er</span> <span class='ocrx_word' id='word_1_507' title='bbox 1773 3683 2057 3729; x_wconf 87' lang='lat' dir='ltr'>manutentioni</span> <span class='ocrx_word' id='word_1_508' title='bbox 2093 3685 2235 3726; x_wconf 87' lang='lat' dir='ltr'>Sacra-</span> 
     </span>
     <span class='ocr_line' id='line_1_95' title="bbox 1304 3742 2235 3801; baseline -0.009 -10"><span class='ocrx_word' id='word_1_509' title='bbox 1304 3768 1308 3773; x_wconf 95' lang='lat'>·</span> <span class='ocrx_word' id='word_1_510' title='bbox 1397 3759 1515 3795; x_wconf 80' lang='lat' dir='ltr'>rum,</span> <span class='ocrx_word' id='word_1_511' title='bbox 1544 3754 1588 3788; x_wconf 90' lang='lat' dir='ltr'>ut</span> <span class='ocrx_word' id='word_1_512' title='bbox 1615 3745 1681 3801; x_wconf 72' lang='lat' dir='ltr'>pie</span> <span class='ocrx_word' id='word_1_513' title='bbox 1695 3744 1901 3794; x_wconf 84' lang='lat' dir='ltr'>creditur,</span> <span class='ocrx_word' id='word_1_514' title='bbox 1930 3742 2235 3800; x_wconf 78' lang='lat' dir='ltr'>Reliquisrum,</span> 
     </span>
     <span class='ocr_line' id='line_1_96' title="bbox 2084 3813 2181 3857; baseline -0.01 -15"><span class='ocrx_word' id='word_1_515' title='bbox 2084 3813 2181 3857; x_wconf 89' lang='lat' dir='ltr'>quas</span> 
     </span>
    </p>
   </div>
  </div>
 </body>
</html>
