2508 4218
326 190 444 274 86

267 340 328 388 In
356 338 567 389 Decretis
589 334 928 406 approbationis
956 332 1201 383 Librorum
1228 332 1256 379 ὲ

336 412 493 460 Servis
514 411 603 459 Dei
627 408 862 458 editorum
878 440 894 462 ,
921 406 1081 453 titulos
1107 400 1256 471 fingu-

299 513 309 521 ›-
333 481 493 530 lorum
512 482 706 548 exprimi
723 512 739 534 ,
763 472 1037 542 imprefforis
1059 489 1254 531 nomen,

333 552 494 601 locum
511 586 529 609 ,
557 568 609 597 ac
639 545 938 614 impreffionis
964 559 1147 613 tempus
1177 542 1252 593 ad·

334 620 385 671 di
416 620 507 673 dte.
534 618 722 683 J‘ubetur
739 652 755 666 .

350 753 455 795 Aera
472 749 643 792 Rituum
657 745 939 801 congregatio
954 743 1162 787 mandavit
1175 771 1191 795 ‚
1205 750 1253 786 ut
1323 764 1326 767 ⁴

369 810 409 851 in
427 809 631 864 posterum
660 806 701 847 in
728 808 916 848 Decretis
945 803 1253 860 approbationis

266 881 439 923 operum
453 866 476 907 i
491 866 568 919 Dei
581 865 719 908 Servis
731 893 747 916 ,
766 864 865 906 dum
882 862 1066 906 viverent
1078 889 1094 912 2
1118 862 1253 906 edito-

264 940 358 969 rum
372 954 388 977 ‚
411 925 687 980 exprimantur
704 922 815 966 tituli
832 921 1079 976 singulorum
1091 950 1108 973 ,
1126 926 1165 963 &
1183 934 1253 964 ne-

264 997 462 1039 quaquam
478 982 601 1025 verba
613 982 815 1036 generalia
830 980 1108 1032 adhibeantur,
1123 980 1179 1022 ita
1192 988 1253 1028 ut,

264 1044 292 1085 fi
309 1055 395 1097 quae
408 1041 486 1083 alia
497 1053 624 1096 opera
640 1040 690 1082 ad
719 1041 906 1084 notitiam
918 1068 935 1091 ,
965 1038 1030 1081 vel
1045 1038 1097 1080 ad
1115 1050 1253 1080 manus

263 1102 394 1142 Saerae
416 1098 767 1154 congregationis
791 1098 930 1142 delata
956 1096 1106 1140 fuerint
1119 1126 1136 1148 ,
1171 1099 1255 1140 De-

263 1168 425 1201 cretum
439 1156 520 1212 jam
538 1154 697 1200 editum
719 1157 1000 1202 declaratione
1015 1169 1093 1199 non
1107 1163 1254 1211 egeat,

262 1217 332 1261 vel
347 1216 455 1259 idem
466 1217 510 1258 in
523 1215 659 1272 aliqua
674 1226 793 1273 parte
810 1215 1040 1259 nullatenus
1054 1215 1255 1271 abrogan-
1317 1244 1325 1249 -

264 1277 364 1320 dum
378 1277 453 1317 fit:
485 1274 565 1319 Die
586 1289 623 1319 ι.
637 1276 829 1318 Octobris
850 1275 974 1318 1661.

380 1334 507 1378 Paeto
530 1344 668 1378 autem
695 1337 823 1377 verbo
847 1346 942 1378 cum
974 1331 1222 1377 Sanaiffimo
1234 1360 1252 1386 ,

266 1393 463 1439 sanctitas
489 1395 570 1436 Sua
596 1394 738 1439 annuit
751 1421 768 1447 ,
796 1407 842 1435 ac
867 1402 1057 1449 praeterea
1070 1418 1086 1442 ‚
1118 1392 1143 1435 fi
1167 1405 1253 1449 quae

265 1452 423 1496 fiterint
438 1450 617 1508 impress'a
632 1450 862 1508 hujusmodi
877 1466 1023 1509 opera,
1031 1450 1128 1494 addi
1143 1464 1252 1493 man·-

266 1512 383 1555 davit
395 1539 409 1563 ,
420 1512 461 1554 δι
473 1509 714 1566 imprefforis
729 1525 878 1554 nomen
888 1540 904 1563 ,
916 1512 1052 1555 locum
1062 1540 1077 1563 ,
1091 1524 1137 1552 ac
1151 1520 1251 1553 tem-

264 1584 340 1628 pus
356 1568 638 1627 imme-nimis,
649 1571 691 1612 δι
701 1571 815 1622 aliis,
825 1579 924 1626 quot
938 1570 1128 1626 Capitula
1153 1583 1253 1612 eon-

263 1630 419 1674 timot
430 1658 447 1681 ,
458 1630 500 1671 ἃ
512 1637 611 1686 quot
626 1625 735 1672 soliis
752 1628 956 1672 conflent.
977 1629 1057 1671 Die
1071 1640 1136 1673 to.
1152 1628 1252 1685 ejus-

265 1687 360 1732 dem
375 1687 516 1732 meniis
537 1688 682 1732 Ostob.
700 1687 845 1733 eodem
858 1701 967 1732 anno
986 1687 1107 1731 1661.

387 1808 493 1850 Yon.
505 1818 548 1849 a.
561 1810 680 1861 oper.
695 1804 873 1851 Lamber.
885 1814 972 1862 cap.
987 1819 1057 1857 27.
1069 1818 1200 1850 nnat-t
1211 1818 1250 1861 3.

428 1865 515 1924 fil.
530 1879 550 1921 3
565 1877 628 1909 ιο.

266 2128 326 2175 ln
358 2122 552 2175 transitu
584 2122 944 2175 Beatificationia
973 2123 1031 2174 ad
1057 2124 1256 2176 Canoni-

337 2197 569 2245 zationem
581 2228 598 2254 ,
615 2197 659 2243 in
673 2195 1050 2313 congregatione
1070 2196 1253 2262 plenam

334 2266 562 2316 duntaxat
578 2265 845 2315 relationem
898 2282 920 2313 e
942 2266 995 2314 iia
1010 2300 1026 2322 ‚
1050 2282 1148 2332 quae
1166 2266 1253 2314 cul·

335 2334 413 2387 tiis
450 2333 783 2387 concessionem
815 2333 1131 2404 praecefferunt
1158 2332 1252 2386 &c-

333 2405 435 2460 fieri
448 2441 464 2466 ‚
488 2404 537 2458 dt
554 2419 741 2457 ecorum
760 2441 776 2465 ,
794 2422 894 2473 quoe
913 2403 1011 2475 post
1028 2405 1254 2457 indultam

336 2477 679 2529 venerationem
698 2474 1054 2546 supervenerunt
1066 2513 1082 2537 ,
1097 2480 1254 2547 perju-

336 2546 502 2607 ridicaa
526 2546 818 2617 probationes
838 2544 1005 2599 discuti
1029 2545 1254 2600 sancitur.

354 2689 605 2734 Anniffimm
618 2690 817 2735 Dominus
832 2692 887 2734 Ν.
902 2688 1096 2734 Clemens
1112 2691 1189 2734 lx.
1201 2688 1255 2732 ad

387 2761 548 2792 ornnem
581 2749 862 2793 halitationem
890 2745 1063 2804 desuper
1093 2749 1255 2806 penitus

266 2807 521 2858 tollendam,
552 2808 620 2852 die
643 2820 705 2852 10·
716 2806 921 2865 Septemb.
941 2806 1063 2852 1668.
1079 2809 1119 2852 in
1145 2811 1255 2852 Con·

267 2867 1254 2983 51:325?⁶:2²32‘sx35533225325‘‘33²0‘22‘

459 2951 474 2975 9
1018 2953 1034 2979 9
1238 2950 1257 2962 ⁸

272 2984 478 3042 posterum
506 2983 546 3026 in
573 2984 696 3028 caulis
723 2985 1066 3035 ServorumDei,
1096 2984 1164 3042 qui
1186 2983 1258 3027 ali·

270 3058 349 3099 qua
365 3040 655 3096 veneratione,
680 3044 723 3086 ec
741 3042 866 3086 titulo
889 3044 1001 3087 Beati
1015 3043 1038 3087 ὲ
1065 3044 1259 3090 Romanis

273 3100 537 3146 Pontificibus
563 3101 752 3146 decorati
781 3102 898 3152 sunt,
929 3101 1161 3147 cardinalis
1187 3102 1257 3147 itt-0

270 3161 432 3206 Ordine
468 3159 623 3204 Ponena
650 3160 692 3203 in
719 3162 1054 3217 Congregatione
1084 3175 1260 3206 corant-0

272 3222 442 3264 Summo
470 3219 669 3264 pontifice
691 3219 876 3263 habenda
907 3220 1096 3274 plenam,
1128 3222 1166 3264 δι
1193 3220 1259 3264 di·

277 3280 461 3324 stinctam
479 3278 724 3324 relationem
738 3277 868 3323 facere
891 3280 1175 3324 tantummodo
1188 3278 1261 3323 de·

275 3340 374 3383 beat
387 3351 532 3382 eorum
547 3368 565 3391 ,
590 3351 677 3397 qun
689 3335 827 3383 eultssa
840 3336 1136 3382 coneefflonem
1162 3351 1260 3395 pre-

274 3395 477 3442 <efferunt
496 3427 510 3451 ,
534 3399 575 3442 δι
590 3411 676 3457 quoe
692 3396 840 3442 intuitu
856 3397 972 3454 ipliut
989 3397 1260 3443 venerationis

279 3457 591 3515 quomodolibet
622 3456 793 3514 elargita
827 3453 1028 3511 suerunt;
1056 3470 1102 3500 ca
1131 3458 1256 3509 vero,

277 3531 362 3572 qua
381 3516 467 3571 poli
498 3515 700 3560 indultam
727 3516 1061 3566 venerationem,
1093 3514 1155 3560 seu
1170 3514 1256 3560 cul-

281 3587 367 3619 tum
381 3575 692 3633 quomodolibet
715 3574 1058 3632 supervenerunt,
1084 3574 1259 3620 debeant

282 3646 352 3686 per
367 3634 558 3689 juridica·
573 3635 837 3692 probationes
852 3634 1024 3689 discuti,
1048 3648 1095 3678 ae
1117 3632 1261 3692 previ!

284 3693 436 3736 nutura
452 3692 686 3740 discuffione
701 3694 749 3738 ad
773 3693 868 3750 juris
895 3696 1085 3739 trutinant
1102 3693 1260 3752 redigi,

283 3760 404 3814 9199!
421 3753 606 3798 basscnus
620 3747 853 3799 inconcusse
870 3755 1067 3798 servatum
1082 3751 1156 3796 fuit
1171 3779 1185 3804 ,
1213 3763 1259 3796 ut

282 3819 329 3846 τι
346 3818 391 3847 ⁸¹⁸
405 3812 580 3856 constare
596 3812 713 3871 poffit
729 3844 744 3869 ‚
772 3828 868 3859 num
888 3813 1013 3861 >edet
1026 3812 1258 3873 Apostolica

1071 182 1594 269 Monumenta

1316 337 1412 376 tuto
1425 334 1555 375 valeat
1573 332 1624 376 ad
1641 332 1860 377 solemnem
1882 332 1994 377 illius
2009 333 2302 378 Canonizatio-

1316 404 1408 432 nem
1424 417 1438 439 ,
1470 392 1579 445 juxta
1594 396 1639 435 S.
1655 393 1847 435 Romanae
1873 391 2062 436 Ecclefiae
2080 394 2206 436 ritum
2220 422 2237 448 ,
2261 395 2304 437 de

1316 450 1546 494 Canonicas
1558 451 1788 495 Sanniones
1804 451 1997 495 devenire
2011 480 2025 494 .

1431 571 1491 613 Ex
1511 571 1615 612 Tom.
1634 582 1655 671 1¹
1657 599 1668 610 .
1683 573 1800 626 oper.
1820 567 2003 612 Lambcr.
2027 576 2113 624 cap.
2126 580 2197 618 25.
2209 568 2296 628 fol.

1487 640 1582 672 202.
1596 641 1637 671 co
1654 657 1666 670 .
1684 642 1721 672 1.

1541 869 2072 919 DECRETA

1452 985 1584 1036 Sacra
1607 986 1789 1038 Rituum
1815 987 2156 1058 Congregatt‘onis

1314 1112 1544 1168 Servanda
1562 1113 1606 1162 in
1626 1113 1768 1165 caufis
1801 1115 2196 1166 Beatificationum
2212 1149 2228 1173 ,
2248 1112 2301 1167 ὃς

1382 1185 1801 1238 Canonizationum
1821 1185 1944 1236 edita
1962 1185 2083 1250 Juffu
2100 1204 2137 1235 s.
2152 1202 2294 1235 mem.

1381 1256 1640 1308 Innocentii
1663 1259 1708 1305 X
1719 1260 1758 1306 1.
1774 1290 1791 1314 ‚
1817 1255 1866 1307 δι
1883 1255 1941 1306 ab
1960 1255 2123 1306 eodem
2144 1253 2297 1305 lauda·

1380 1341 1428 1378 ta
1443 1362 1460 1387 ,
1492 1323 1761 1377 confirmata
1779 1362 1795 1386 ,
1830 1325 1880 1379 ὅ(
1909 1325 2159 1396 approbata
2176 1361 2190 1375 .

1393 1454 1653 1501 Anaiffimiis‘
1672 1455 1872 1500 Dominus
1914 1453 2061 1498 Noster
2091 1455 2294 1498 Innocen-

1413 1515 1492 1560 tius
1510 1517 1584 1557 xi.
1604 1514 1779 1573 provide
1803 1513 2054 1558 confiderans
2075 1542 2088 1565 ,
2116 1514 2228 1569 quod
2253 1513 2297 1557 in

1313 1584 1403 1619 tota
1444 1573 1630 1618 Ecclefiae
1671 1574 1965 1630 gubernatione
2002 1571 2100 1614 nihil
2139 1572 2266 1630 majus
2280 1601 2298 1625 ‚

1311 1643 1379 1678 aut
1394 1634 1552 1690 gravius
1568 1631 1611 1675 fit
1624 1663 1639 1686 ‚
1662 1635 1781 1690 quam
1802 1633 1982 1676 homines
1995 1631 2203 1676 declarare
2219 1645 2298 1688 pro

1311 1694 1463 1736 Sanetis
1476 1722 1493 1744 ,
1516 1692 1662 1751 eosque
1675 1691 1734 1735 uti
1750 1692 1853 1735 tales
1867 1690 2064 1735 colendos
2079 1717 2095 1742 ,
2118 1691 2158 1733 δι
2174 1704 2298 1735 vene-

1312 1752 1463 1796 randos
1475 1751 1696 1797 decernere
1709 1780 1725 1803 ,
1753 1752 1793 1793 &
1813 1749 2090 1808 perpendem,
2114 1751 2226 1807 qubd
2245 1750 2296 1793 li-

1312 1812 1379 1855 eet
1395 1810 1462 1853 fel.
1479 1824 1564 1853 ree.
1578 1812 1767 1856 Urbanus
1784 1811 1902 1853 Vni.
1929 1809 1981 1853 de
1993 1807 2161 1853 confilio
2177 1813 2296 1853 Con·

1313 1868 1564 1928 gregationis
1574 1868 1825 1913 Sanflillimae
1838 1867 2111 1926 Inquilitionia
2128 1866 2301 1911 nonnul·

1316 1931 1355 1973 la
1369 1929 1486 1984 super
1500 1929 1577 1973 hoc
1592 1928 1766 1973 ediderit
1783 1930 1956 1970 Decreta
1969 1954 1983 1975 ,
2010 1926 2301 1980 subindeque-o

1315 1989 1404 2028 Sac.
1420 1987 1501 2027 Rit.
1515 1986 1799 2041 Congregatio
1812 1986 1911 2026 alias
1933 1984 2210 2026 ordinationes
2242 1979 2304 2027 fe·

1314 2045 1416 2087 cerit
1432 2042 1644 2087 secundum
1658 2042 1817 2087 casuum
1834 2042 2132 2099 contingentias
2146 2043 2170 2087 a
2185 2045 2301 2096 Stin]-

1316 2106 1391 2146 mis
1422 2101 1686 2170 lffoutilicibus
1717 2100 1962 2158 approbatas
1983 2127 1999 2151 ,
2032 2101 2298 2145 nihilominus

1313 2159 1903 2272 {tzz‘255.t::„⁶333¹‘„:032??
1912 2159 2303 2276 zissffiffiffj'ts:

1317 2277 1428 2322 modi
1457 2274 1706 2327 directione3
1739 2272 1891 2315 idcireo
1917 2273 2024 2329 juffit
2038 2302 2054 2326 ‚
2084 2279 2301 2321 materiam

1314 2336 1533 2391 diligenter
1548 2332 1691 2377 discuti
1706 2331 1880 2390 primum
1897 2331 1937 2375 in
1953 2334 2299 2390 congregationi·

1316 2396 1389 2439 bus
1410 2392 1747 2450 particularibus,
1777 2390 1922 2435 deinde
1946 2391 2042 2435 vero
2062 2391 2102 2435 in
2127 2404 2298 2447 genera-

1315 2454 1444 2502 libus,
1457 2463 1580 2508 prout
1595 2451 1741 2494 sactum
1759 2449 1834 2493 suit
1849 2461 1864 2492 ε
1878 2450 1919 2492 ει
1933 2448 2002 2493 sub
2017 2449 2161 2494 diebus
2174 2463 2215 2508 9.
2254 2465 2300 2495 u-

1315 2512 1391 2565 lii,
1420 2511 1461 2553 δι
1475 2515 1516 2553 6.
1531 2510 1697 2567 Augusti
1717 2509 1840 2560 1678.
1857 2506 2099 2554 emanlrunt
2116 2453 2296 2554 Resolu-

1315 2573 1448 2615 tiones
1474 2569 1702 2628 sequentes,
1732 2567 1757 2612 fi
1783 2566 1916 2612 eidem
1930 2567 2181 2614 Sanaiffimo
2207 2568 2300 2625 pla-

1315 2629 1446 2675 cuerit
1464 2658 1480 2681 ,
1502 2626 1779 2685 publicanda.
2244 2642 2251 2650 ·
2296 2650 2297 2654 ,

1431 2689 1570 2732 Primo
1583 2715 1598 2729 .
1633 2686 1972 2732 Animadvertens
1995 2686 2140 2732 eadem
2168 2690 2294 2732 Sacra

1315 2747 1621 2806 Congregafio,
1642 2744 1753 2803 quod
1769 2743 2027 2791 neceffarium
2041 2746 2086 2791 lit
2099 2774 2115 2799 ,
2136 2757 2179 2789 ut
2195 2746 2299 2788 Pro·

1316 2805 1441 2852 celsus
1456 2806 1697 2851 auctoritate
1710 2804 1914 2849 ordinaria
1931 2802 2155 2849 fabricandi
2170 2800 2298 2848 confi-

1317 2865 1472 2912 ciantur
1502 2878 1595 2909 cunt
1626 2865 1799 2907 maxima
1833 2862 2048 2921 diligentia
2069 2890 2085 2916 ‚
2114 2861 2299 2915 censuit,

1317 2923 1500 2969 mandari
1515 2923 1744 2967 Ordinariit
1762 2926 1963 2968 Locorum
1979 2951 1995 2977 ,
2021 2934 2065 2966 ut
2087 2922 2196 2967 ultra
2212 2922 2300 2965 Te-

1318 2984 1396 3029 stes
1408 2982 1589 3027 inductos
1604 2984 1628 3028 a
1646 2981 1959 3026 postulatoribus
1971 3010 1986 3035 ,
1999 2990 2212 3027 teneantur
2225 2983 2236 3024 i
2267 2977 2299 3027 fi

1318 3056 1480 3102 quoque
1494 3044 1695 3099 inquircre
1709 3070 1723 3095 ‚
1741 3055 1789 3086 ae
1801 3041 2032 3086 examinare
2043 3040 2145 3085 alios
2161 3040 2221 3084 Te
2254 3050 2301 3083 ea

1319 3106 1426 3148 bene
1438 3100 1645 3146 instructos
1661 3099 1774 3158 super
1792 3100 1874 3144 vita
1890 3128 1904 3152 ‚
1926 3100 1966 3143 ἅ
1982 3099 2160 3143 moribus
2182 3093 2302 3141 Servi

1322 3162 1396 3206 Dei
1410 3190 1427 3215 ,
1442 3162 1507 3212 Et,
1521 3159 1547 3205 fi
1560 3159 1711 3214 aliquid
1728 3158 1955 3216 repererint
1972 3158 2011 3202 in
2023 3156 2271 3202 contrarium
2282 3179 2299 3207 ,

1319 3220 1428 3279 quod
1452 3219 1539 3278 ips·-
1567 3219 1750 3263 videatur
1777 3218 1990 3270 relevant,
2015 3214 2299 3273 supersedeant

1322 3281 1361 3324 in
1379 3278 1569 3325 ulteriori
1592 3276 1846 3333 inquisitione
1859 3303 1875 3327 ‚
1904 3275 2036 3320 donec
2051 3277 2170 3319 Sacra
2184 3275 2298 3318 Con·

1321 3342 1509 3396 gregatio
1528 3340 1579 3382 ab
1601 3339 1658 3382 eit
1674 3338 1892 3382 certiorata
1908 3350 1981 3394 per
1996 3334 2171 3380 Litteras
2186 3344 2298 3385 manv

1320 3401 1415 3447 det,
1442 3396 1542 3456 quid
1555 3397 1755 3456 agendum
1770 3395 1817 3440 fir
1830 3424 1843 3439 .

1434 3457 1623 3503 Secundo
1637 3485 1649 3499 .
1676 3454 1909 3509 Huiusmodi
1924 3453 2149 3512 diligentias
2167 3450 2296 3496 serva-

1320 3518 1351 3560 ri
1377 3518 1463 3559 vult
1481 3545 1496 3570 ‚
1518 3516 1639 3559 etiam
1662 3515 1700 3559 in
1730 3514 1987 3566 Proceflibua,
2000 3513 2297 3559 austeritate..-

1319 3575 1552 3633 Apoilolica
1569 3573 1765 3619 faciendis
1789 3576 1813 3620 a
1827 3572 2034 3631 judicibus
2064 3570 2264 3627 delegatis
2283 3594 2300 3622 ,

1321 3636 1467 3693 quibus
1483 3648 1555 3693 per
1571 3636 1746 3703 Litteras
1771 3630 2028 3690 particulares
2044 3636 2171 3676 Sacra
2185 3632 2298 3673 Con·

1319 3706 1565 3799 55533‘23:
1578 3685 2298 3797 2233‘355222'3352355521‘5035

1318 3815 1463 3861 bcndis
1487 3811 1904 3858 Sub-Promotoribus
1919 3838 1931 3851 .
2146 3867 2182 3910 Τ

2185 3880 2242 3910 cr-
