2508 4218
978 180 984 184 ’
1029 180 1503 302 Apostolica.

2090 221 2198 311 '13'

254 349 344 382 cum
359 366 373 388 ,
394 338 434 379 δι
449 329 761 378 circumstantias
788 329 959 375 nancisei
978 359 992 384 ,
1016 330 1162 386 quibus
1190 331 1229 372 &
1288 328 1493 387 Majorem
1519 326 1587 371 die
1609 341 1658 370 xi
1673 339 1731 370 tt·
1752 330 1999 374 Novembris
2025 351 2265 389 menuitur·

251 396 322 454 ipsi
353 396 543 453 justorum
575 400 764 434 votorum
813 392 972 433 suorum
1016 399 1226 445 compotes
1286 385 1552 434 Pontificattis
1570 386 1845 431 NostriAuno
1863 391 2034 434 Tertio.
2248 390 2263 402 ⁹

254 455 518 504 evadant,nec
535 450 711 493 instituta
726 449 797 492 illa
815 450 976 507 pietatis
990 449 1227 504 impediant.

251 513 401 568 Hisque
431 511 635 555 Pastorum
659 506 819 553 suorum
847 508 1009 552 monitis
1036 507 1173 551 fideles
1190 507 1228 551 se

251 572 292 617 se
313 571 468 614 dociles
483 570 704 626 praebeutes
719 595 735 618 ,
759 569 962 612 cavebunt
976 596 993 621 ,
1019 581 1069 611 ne
1087 567 1155 610 fibi
1171 567 1234 609 in·

254 631 397 688 iuriam
425 628 567 673 saetam
581 637 828 684 querantur,
853 626 879 669 fi
892 625 1136 683 quandoque
1159 638 1235 681 pro

253 703 434 746 tempore
447 718 462 740 ,
485 687 575 732 loco
591 713 606 738 ‚
619 687 656 729 δι
670 685 843 742 personis
857 714 871 737 ,
888 683 1109 740 Episcopus
1125 712 1139 736 ,
1157 683 1233 725 mi·

251 743 1234 857 323223553‘352322135:¹3²5zizibfii‘5150‘35

250 866 407 911 adstant
421 894 436 918 ,
457 863 601 923 quibus
626 862 781 907 scilicet
798 877 848 906 eo
863 859 948 917 ipso
974 873 1159 917 tempore
1175 860 1231 902 fa·

250 925 341 969 cilis
357 953 372 976 ,
399 926 438 967 δι
468 923 588 967 obvia
612 923 786 979 stippetit
812 923 920 966 ratio
931 921 982 964 ad
1008 919 1231 964 eamdem.»

251 982 429 1028 Mensam
443 980 694 1032 accedendi,
714 981 896 1041 pluribus
909 980 996 1025 aliis
1017 980 1118 1024 locis
1145 979 1229 1024 cui·

250 1044 312 1086 vis
326 1042 550 1086 instructam
562 1070 576 1084 .

368 1101 488 1145 Haud
503 1099 608 1159 πετὲ
622 1098 826 1157 Episcopi,
837 1101 877 1143 δι
892 1097 1060 1142 Parochi
1073 1096 1113 1139 id
1130 1093 1234 1139 fide·

245 1159 361 1206 libus
372 1159 694 1218 persuadebunt,
717 1159 879 1216 quoties
896 1157 983 1215 ipfis
997 1153 1233 1212 fignificent,

253 1234 306 1264 ex
321 1218 504 1262 Ecclefiae
519 1217 729 1274 disciplina
742 1247 759 1270 ,
773 1232 857 1274 quae
873 1216 993 1259 modo
1011 1218 1135 1271 viget,
1149 1226 1234 1256 non

251 1277 420 1336 quidem
434 1277 703 1321 difficiliorem
721 1302 735 1327 ,
749 1275 819 1320 sed
833 1274 1062 1319 faciliorem
1076 1270 1234 1318 evafiss'e

250 1337 391 1380 iisdem
404 1334 907 1394 participationem,quam
925 1344 1085 1391 optant.
1104 1332 1235 1386 Siqui-

250 1394 346 1439 dem
363 1393 489 1437 veteri
504 1406 618 1436 more
643 1393 685 1435 in
699 1392 863 1451 lingulis
890 1393 1080 1437 Ecclefiis
1098 1390 1232 1448 paffim

249 1454 370 1498 unica
388 1449 499 1497 Miffa
512 1451 823 1506 celebrabatur,
852 1454 919 1496 cui
938 1453 1079 1496 fideles
1106 1450 1232 1493 adita-

248 1513 375 1564 bant,
401 1511 575 1567 indeque
606 1513 935 1569 participabant;
960 1513 1058 1567 quin
1085 1511 1107 1553 a
1139 1508 1229 1553 solis

250 1571 425 1628 propriis
437 1570 666 1615 Pastoribus
680 1599 694 1623 ,
717 1571 1058 1628 quemadmodum
1073 1568 1231 1624 reliqua

247 1631 534 1679 Sacramenta,
561 1631 617 1674 ita
642 1631 764 1672 etiam
799 1631 1092 1674 Eucharistiam
1118 1628 1233 1671 licite

250 1689 434 1747 accipere
450 1689 639 1732 valebant
654 1702 667 1733 ε
681 1688 788 1734 hisce
805 1693 903 1734 vero
918 1688 1167 1747 temporibus
1181 1700 1233 1731 ex

251 1749 522 1796 sacerdotum
544 1747 837 1794 celebrantium
851 1778 864 1800 ‚
882 1763 931 1792 ex
948 1749 1152 1799 locorum,
1166 1746 1234 1790 Al-

253 1808 496 1865 ratiumque,
509 1807 651 1863 quibus
666 1823 713 1852 ea
726 1808 950 1853 celebratio
965 1809 1125 1866 publice
1143 1820 1232 1861 per.

253 1867 388 1924 agitur
400 1896 416 1920 ,
442 1867 773 1924 multiplicitate,
790 1878 900 1925 patet
918 1868 1085 1912 cuilibet
1110 1864 1232 1909 facile

253 1926 448 1980 parabilis
460 1925 569 1968 sacra
587 1926 722 1970 Mensa
738 1956 752 1980 ,
772 1928 813 1971 δι
838 1927 887 1970 ad
903 1930 1067 1971 Sacrum
1080 1923 1232 1970 Convi-

256 1983 367 2025 vium
381 1981 578 2024 admiffio.
604 1985 672 2027 Sin
687 1997 822 2029 autem
852 1986 975 2028 iidem
992 1985 1131 2027 fideles
1145 1985 1234 2023 ita..

251 2041 428 2088 moniti,
443 2042 672 2096 importune
686 2043 902 2084 insisterent
921 2054 994 2095 pro
1008 2035 1235 2091 recipienda

255 2099 507 2143 Eucharistia
522 2099 563 2142 in
578 2100 622 2142 iis
639 2101 831 2156 temporis
841 2127 856 2150 ,
871 2098 980 2147 loci,
993 2100 1033 2138 δι
1047 2093 1234 2147 persona-

251 2170 345 2202 rum
368 2158 707 2204 circumstantiis,
729 2169 826 2207 quas
856 2150 1112 2205 excipiendas
1134 2162 1232 2191 cen·

252 2215 383 2261 suiffet
398 2215 619 2266 Episcopus
635 2237 649 2260 ,
667 2208 826 2252 Rituali
859 2209 1032 2251 Romani
1051 2206 1231 2252 authori.

250 2282 336 2315 tate
349 2269 473 2312 etiam
503 2264 656 2320 fretus3
685 2267 945 2311 bacillorum
973 2268 1144 2324 petitio,
1165 2276 1231 2308 ut-

250 2338 347 2387 pote
359 2340 434 2371 nec
450 2325 549 2385 justa
568 2356 581 2380 ,
611 2340 684 2369 nec
714 2326 968 2370 rationabilis
989 2355 1004 2379 ,
1026 2335 1233 2369 contuma-

247 2402 334 2432 cem
363 2416 379 2440 ,
399 2400 446 2430 ae
472 2384 747 2430 refractarium
779 2386 957 2430 animum
985 2384 1233 2429 demonstra·

248 2457 314 2492 ret
325 2473 343 2496 s
355 2445 628 2503 cupidumque
643 2446 976 2501 perturbationis,
998 2459 1043 2486 ac
1061 2443 1233 2499 proinde

249 2505 418 2551 minime
430 2505 694 2562 compofitum
706 2504 980 2556 Eucharistioe‚
988 2517 1065 2562 qua
1079 2517 1151 2561 par
1166 2502 1236 2553 est,

243 2567 404 2624 ¹pietate
421 2563 686 2621 percipienda
703 2593 715 2606 .

367 2626 476 2668 Dum
493 2623 672 2669 Pastores
687 2638 782 2680 erga
797 2623 939 2669 fideles
953 2623 1009 2666 ita
1024 2620 1060 2667 se
1073 2630 1234 2679 gerent,

247 2684 429 2741 dumque
455 2682 595 2726 fideles
625 2683 829 2745 Paitoi-um
845 2684 961 2725 dietis
986 2695 1134 2738 pronas
1148 2682 1233 2725 ita.»

247 2758 364 2788 aures
385 2742 754 2787 accommodabunt
770 2770 785 2795 ,
811 2744 973 2785 orietur
998 2740 1145 2793 absque
1169 2741 1232 2783 ul·

247 2802 290 2847 la
304 2802 515 2847 dubietate
531 2816 605 2857 pax
619 2800 688 2845 illa
704 2799 877 2857 perfecta
890 2830 904 2852 ,
925 2810 1047 2855 atque
1059 2812 1232 2843 concor-

248 2861 342 2912 dia,
358 2877 437 2919 qua
451 2861 598 2918 Capita
613 2861 805 2911 invicem,
817 2862 857 2903 δι
871 2859 1054 2902 Membra
1067 2871 1233 2914 magno-

248 2919 722 3023 {2‘5153'22232332532
741 2918 1233 3034 ἀξῗὶᾚᾞὲηἶιᾚὶἱῗξ

737 3006 751 3028 ,
1220 2999 1234 3016 ο

247 3036 354 3080 dunt
371 3064 386 3088 ,
401 3046 442 3079 ut
460 3038 599 3080 turbas
614 3036 778 3092 gignant
789 3063 804 3087 ‚
818 3051 865 3078 ac
878 3035 1107 3080 scandalum
1124 3064 1138 3086 ‚
1160 3048 1232 3076 ve·-

248 3096 364 3153 rique
387 3095 607 3138 animarum
639 3093 787 3138 fruetus
808 3125 822 3148 ,
848 3109 930 3152 quo
954 3095 1052 3137 nihil
1083 3093 1236 3136 Pastori

249 3155 404 3201 charius
416 3153 494 3198 esse
504 3153 656 3206 debet,
670 3156 887 3211 perniciem
901 3183 914 3197 .
943 3155 1090 3197 Verbis
1103 3153 1238 3205 itaque

250 3213 435 3269 Apostoli
452 3212 562 3255 Pauli
592 3213 643 3255 ad
662 3215 907 3257 Corinthios
935 3215 1088 3254 utimur
1104 3240 1117 3251 .
1154 3210 1234 3251 ob-

238 3275 355 3329 stcro
384 3274 473 3321 Vos,
501 3273 667 3316 Fratres
681 3301 694 3323 ,
713 3281 792 3327 per
815 3284 950 3314 nomen
975 3271 1138 3313 Domini
1155 3271 1235 3311 No·-

237 3332 321 3390 stri
336 3329 439 3390 7⁶fl'
454 3327 626 3388 Christi,
651 3341 699 3373 ut
726 3331 773 3371 id
780 3331 904 3387 ipsimi
928 3331 1069 3373 dicatis
1082 3340 1206 3370 omnes
1218 3355 1233 3379 ,

254 3391 302 3440 ὸ*
317 3390 476 3448 nmstnt
498 3389 542 3432 in
570 3387 674 3432 Vobis
684 3389 903 3447 fihismata
917 3403 933 3442 3
949 3387 1040 3443 fitis
1060 3394 1233 3432 autern...

245 3448 417 3508 persi-Eli
447 3450 490 3492 in
514 3449 637 3490 eodem
661 3447 791 3503 l'enfie,
819 3445 870 3496 ά·
884 3450 927 3487 in
940 3443 1234 3502 eademfenten·

252 3507 313 3551 tia
327 3513 454 3571 ‚Qae
473 3508 640 3566 quidem
662 3506 760 3550 dum
782 3506 935 3552 Vobis,
964 3503 1233 3547 venerabiles

253 3568 430 3616 Fratres,
446 3582 517 3623 per
534 3568 614 3610 haec
628 3564 861 3622 Apostolica
876 3562 1021 3616 scripta
1038 3571 1136 3604 nota
1151 3560 1233 3605 esse

255 3623 442 3667 volumus
453 3654 468 3676 ,
483 3627 523 3668 in
539 3625 747 3669 felicitatis
761 3622 977 3678 auspicium
992 3646 1008 3669 ‚
1035 3621 1076 3661 δι
1089 3621 1231 3665 Pater-

254 3698 312 3726 nae
338 3682 562 3728 dileffionis
592 3686 734 3740 pignus
767 3681 1041 3739 Apostolicam
1067 3677 1230 3721 benedi-

256 3744 426 3786 ctionem
449 3742 723 3798 impertimur.

371 3807 525 3847 Datum
558 3802 700 3844 Romae
724 3800 829 3856 apud
854 3800 1032 3842 Sanctam
1062 3796 1230 3838 Mariam

1408 510 1468 551 Ex
1495 506 1648 551 Bullar.
1677 505 1790 563 hujus
1819 509 1971 551 Summi
2002 510 2192 567 Pontificir
2216 523 2274 557 to:

1467 579 1528 608 mo
1550 573 1788 621 1.pag.212.

1296 702 1394 714 —
1397 701 1492 715 -
2087 691 2278 722 --ν

1291 802 1520 856 Crucifixi
1547 806 1799 856 Salvatoris
1828 806 2075 877 imaginem
2102 808 2286 874 palam,

1361 875 1411 927 ἃ
1445 874 1679 926 vifibiliter
1706 873 1956 944 expolitam
1988 876 2121 945 super
2153 880 2281 928 Alta-

1362 949 1427 998 ria
1445 982 1461 1005 ,
1491 948 1537 996 in
1564 947 1727 1016 quibus
1755 945 1898 997 Miffae
1924 946 2154 999 Sacrificia
2180 966 2279 1018 per-

1362 1033 1564 1089 aguntur
1582 1053 1599 1080 ,
1628 1019 1817 1069 retineri
1844 1017 2006 1070 debere
2033 1018 2221 1070 statuit.

1303 1157 1619 1210 Venerabilibus
1636 1159 1863 1209 Fratribus
1874 1195 1891 1218 ,
1914 1160 2282 1227 Arcbiepfiop1‘53

1383 1229 1596 1300 Epist-opis
1613 1265 1630 1290 ,
1660 1237 1714 1280 Εἰ
1734 1230 1979 1281 ordinariis
1999 1230 2195 1281 Ditiones

1625 1300 1911 1371 Ecclgfiasticae
1926 1337 1941 1351 .

1292 1444 1847 1500 BENEDICTUS
1901 1443 2085 1493 PAPA
2135 1443 2285 1493 XIV.

1358 1571 1594 1617 Venerabiler
1619 1576 1784 1616 Fratres
1799 1599 1812 1621 ‚
1862 1571 2037 1622 alutem,
2060 1569 2108 1619 b·
2126 1574 2230 1624 Apo·-

1512 1631 1699 1691 stolicaur
1712 1635 1812 1675 Bene
1843 1629 2023 1672 iffae-em
2039 1656 2053 1673 .

1415 1750 1632 1805 Ccepimns
1663 1750 1930 1805 prestantium
1946 1748 2141 1793 Virorum
2172 1746 2283 1790 tellid

1446 1810 1590 1853 moniis
1607 1809 1846 1866 jampridem
1865 1815 1906 1852 in
1923 1806 2157 1866 quibusdam
2176 1807 2282 1848 Pon·

1293 1867 1425 1913 uficnae
1449 1870 1626 1912 Ditionis
1642 1870 1891 1913 Civitatibus
1922 1868 2125 1911 inductam
2155 1864 2286 1910 effe-³

1292 1924 1775 1984 consuetudinemque,
1792 1930 1891 1974 licet
1908 1929 2132 1984 pietatem,
2158 1939 2205 1967 ²⁰
2225 1938 2287 1966 ’θ’

1293 1988 1487 2036 ligionem
1511 1987 1768 2036 parerem,
1802 1987 1988 2030 Eccleliae
2014 1997 2147 2028 tamen
2176 1982 2286 2025 insti·

1294 2040 1426 2090 tutis,
1458 2052 1505 2080 ac
1522 2038 1738 2094 disciptinae
1771 2040 1991 2095 plurimum
2023 2039 2289 2085 adversatur.

1294 2098 1411 2139 Idem
1429 2100 1515 2136 Nos
1545 2097 1613 2148 ipfi
1641 2099 1981 2151 deprehendimus
2010 2099 2051 2142 in
2083 2100 2290 2155 aliquibus

1295 2151 1483 2197 Ecclefiis
1517 2152 1636 2211 hujus
1666 2155 1810 2198 nostre
1844 2157 2040 2199 Romane
2056 2156 2182 2199 Urbis
2201 2184 2216 2207 ,
2245 2157 2287 2200 δε

1292 2212 1382 2255 aliis
1415 2211 1597 2266 pariter,
1628 2227 1716 2267 quae
1751 2211 1962 2270 Episcopis
1990 2215 2288 2259 suburbicariis

1293 2270 1572 2325 subjiciuntur·
1586 2273 1855 2333 Qapropter
1874 2274 2032 2316 muneri
2049 2275 2200 2318 Nostro
2214 2272 2288 2315 de·

1293 2329 1368 2374 effe
1399 2343 1646 2388 magnopere
1676 2333 1935 2384 videremur,
1965 2332 2037 2376 nili
2062 2332 2113 2375 de
2143 2334 2217 2375 hac
2240 2345 2285 2375 re

1296 2400 1559 2433 monerentur
1575 2389 1634 2433 illi
1649 2420 1665 2442 ,
1695 2393 1761 2448 qui
1781 2406 1854 2447 pro
1870 2391 2067 2448 spirituali
2083 2390 2197 2447 hujus
2212 2390 2288 2434 Ci-

1296 2449 1435 2491 vitatis
1460 2449 1657 2505 regimine
1675 2450 1844 2494 Ministri
1871 2453 1893 2494 a
1922 2451 2049 2495 Nobis
2080 2448 2287 2494 constituti

1296 2507 1414 2560 sunt,
1444 2508 1485 2549 ἀ
1503 2508 1601 2559 alii,
1630 2512 1701 2566 qui
1729 2511 2036 2553 Suburbicarios
2069 2507 2286 2564 Episcopa-

1295 2577 1361 2610 tus
1378 2595 1391 2618 ,
1423 2566 1488 2609 vel
1507 2568 1674 2611 alterius
1687 2569 1879 2612 Civitatis
1896 2570 1937 2612 in
1954 2568 2124 2612 Ditione
2144 2567 2287 2611 Ponti·

1294 2624 1382 2670 ficia
1397 2625 1546 2670 Sedem
1561 2628 1790 2673 obtinentes
1806 2654 1821 2678 ,
1850 2642 1992 2672 curam
2017 2637 2165 2686 gerunt
2196 2626 2282 2668 ani·-

1295 2699 1676 2786 mamlxii-Altaribus
1689 2770 1707 2792 ,
1735 2757 1823 2797 quae
1835 2756 1907 2794 per
1923 2743 2121 2785 Ecclefias
2150 2744 2280 2785 erecta

1274 2802 1416 2853 -sunt,
1446 2802 1483 2843 8ι
1510 2803 1546 2843 in
1563 2801 1705 2856 quibus
1721 2805 1888 2843 bacrum
1920 2798 2009 2842 fieri
2041 2803 2251 2842 consuevit
2266 2826 2282 2850 ,

1292 2871 1439 2919 prater
1465 2858 1659 2916 majorem
1688 2859 1884 2902 Tabulam
1900 2884 1915 2908 ,
1945 2871 2032 2914 quae
2067 2856 2129 2901 vel
2162 2856 2278 2911 depi-

1293 2924 1397 2964 ctam
1410 2946 1425 2968 ,
1451 2918 1517 2962 vel
1537 2918 1700 2961 incisam
1715 2918 1879 2962 exhibet
1895 2916 2105 2973 imaginem
2122 2914 2253 2958 Sancti
2265 2941 2280 2965 ,

1296 2980 1336 3023 in
1351 2979 1465 3035 cujus
1482 2992 1627 3021 nomen
1640 3006 1657 3030 ,
1677 2979 1715 3019 &
1732 2977 1969 3020 memoriam
1984 2975 2126 3018 Altare
2144 2975 2280 3016 conse·

1295 3050 1457 3082 eratum
1472 3037 1527 3080 est
1542 3064 1557 3087 ‚
1586 3036 1751 3091 adjungi
1773 3036 1883 3092 caepit
1899 3034 1978 3079 alia
1995 3036 2126 3076 minor
2143 3032 2279 3076 Tabu-

1298 3097 1336 3140 la
1351 3125 1364 3148 ‚
1380 3098 1418 3137 in
1434 3094 1513 3151 qua
1528 3094 1591 3138 vel
1606 3095 1812 3138 coloribus
1826 3094 2065 3150 exprimitur
2078 3117 2091 3138 s
2107 3089 2169 3133 vel
2186 3103 2277 3141 aere,

1298 3156 1438 3211 ligno,
1466 3164 1531 3196 aut
1558 3167 1763 3196 marmore
1786 3154 1981 3196 inciditur
1996 3148 2153 3206 Effigies
2179 3148 2279 3190 alte-

1297 3216 1379 3257 rius
1393 3213 1526 3256 Sancti
1542 3241 1556 3265 ‚
1580 3217 1681 3257 itaut
1695 3216 1811 3256 Crux
1829 3209 2031 3254 auferatur
2046 3237 2061 3260 ,
2083 3220 2168 3263 quae
2179 3234 2194 3255 ,
2218 3205 2279 3262 ju·

1292 3286 1362 3317 xta
1395 3272 1592 3315 Rubricas
1605 3300 1620 3323 ,
1651 3274 1759 3315 inter
1790 3269 2045 3313 Candelabra
2075 3262 2275 3309 collocari

1293 3332 1444 3375 debet:
1474 3331 1579 3374 Ctim
1595 3331 1694 3375 vero
1711 3329 1909 3371 neminem
1925 3327 2080 3378 lateat,
2102 3339 2191 3367 rem
2205 3323 2275 3365 Di·

1294 3392 1430 3433 vinam
1446 3388 1589 3432 confici
1605 3403 1682 3430 non
1699 3386 1829 3443 posse,
1856 3386 1924 3428 nifi
1938 3388 2051 3429 Crux
2065 3396 2155 3425 cum
2172 3385 2275 3426 lma-

1293 3450 1389 3504 gine
1404 3447 1635 3492 Sanctiffimi
1654 3443 1850 3488 Crucifixi
1879 3444 1993 3500 super
2010 3441 2143 3486 Altari
2174 3454 2274 3483 con·

1292 3508 1504 3556 stituatur,
1535 3505 1627 3547 hinc
1651 3503 1799 3544 minori
1815 3502 1979 3544 Tabulae
1996 3498 2274 3557 superadditur

1293 3565 1459 3620 exiguus
1476 3564 1582 3605 adeo
1598 3559 1829 3604 crucifixus
1844 3589 1860 3612 ,
1888 3570 1933 3602 ut
1955 3573 2085 3616 neque
2097 3558 2271 3612 Presby-

1292 3625 1373 3666 teri
1387 3620 1632 3662 celebrautis
1645 3618 1773 3662 oculis
1789 3619 1908 3662 facile
1923 3626 2124 3668 occurrat,
2140 3629 2272 3670 neque

1290 3683 1341 3723 ab
1368 3679 1454 3722 ullo
1479 3678 1562 3720 alio
1586 3677 1767 3733 distingui
1792 3675 1919 3720 ferme
1935 3676 2076 3733 ponit,
2104 3673 2175 3717 nifi
2203 3675 2269 3716 hic

1292 3739 1507 3793 diligenter
1524 3735 1798 3790 perscrutetur
1809 3762 1824 3784 s
1851 3747 1987 3778 utrum
2001 3733 2115 3788 super
2129 3732 2267 3776 Altari

1290 3810 1432 3839 revera
1445 3793 1640 3838 Crucifixi
1656 3797 1794 3850 Imago
1806 3793 2005 3852 proposita
2030 3791 2153 3894 fue?
2165 3820 2191 3858 .-

2123 3864 2211 3906 qui·
