2554 4230
259 370 448 487 fiam
508 364 748 484 ipsum
781 434 802 463 ‚
863 396 1086 482 quem
1143 371 1223 450 in
1289 364 1556 453 Altari
1601 362 2091 476 consecrabas
2120 430 2141 461 ,
2199 370 2316 448 vi-

266 486 569 604 fibilem
627 491 708 569 in
770 507 1070 601 corpore
1126 512 1380 570 coram
1478 482 1594 569 Te
1660 483 2004 597 stantem
2059 486 2318 564 ‘cerne-

291 636 414 690 res
446 671 470 703 ,
527 607 646 688 ita
690 602 992 717 quidem
1013 671 1035 701 ,
1093 627 1186 689 ut
1227 606 1306 686 in
1356 625 1433 688 te
1477 601 1766 717 infigne
1806 599 1999 686 illud
2039 602 2316 714 gratiae

276 720 719 840 prodigium
779 786 802 821 ‚
861 719 1066 835 quod
1121 722 1339 807 ’Divo
1403 720 1464 804 S
1468 722 1797 835 tephano
1859 715 2035 802 alim
2096 713 2316 799 colla-

293 866 465 926 tum
498 906 519 936 ,
583 842 829 925 Sacrae
874 841 1181 952 paginae
1230 863 1697 938 memorant,
1758 841 1841 920 in
1898 834 2016 919 Te
2060 833 2315 948 aliquo

294 955 508 1044 modo
570 978 1037 1040 renovatum
1087 955 1492 1039 advertam
1553 1021 1574 1052 ‚
1657 954 1746 1041 δέ
1810 955 1955 1038 rite
2017 978 2313 1067 quoque

296 1075 391 1159 de
458 1069 573 1156 Te
631 1101 724 1156 ex
783 1068 1121 1186 impreffl,²
1179 1077 1341 1180 vite
1399 1097 1534 1180 tue
1602 1072 1793 1155 aHis
1872 1070 2193 1184 asseram
2255 1107 2311 1136 =

291 1188 741 1274 Intendens
801 1192 884 1270 in
959 1188 1268 1272 coelum
1355 1189 1613 1270 vidisti
1685 1188 2034 1299 gloriam
2106 1187 2316 1284 Dei,

299 1305 392 1389 &
451 1302 715 1402 Iesum
777 1305 1127 1388 stantem
1188 1312 1267 1390 in
1330 1307 1403 1391 S.
1453 1304 1702 1389 Altari
1761 1329 1946 1390 ante
2014 1301 2180 1389 Te.

417 1422 703 1511 Sanno
757 1445 1020 1507 autem
1090 1447 1179 1508 ut
1225 1419 1500 1535 sancle
1563 1422 2086 1508 tracJarentur
2110 1486 2133 1518 ,
2180 1438 2317 1536 pe-

298 1536 570 1626 culiari
640 1534 805 1653 nifii
881 1542 961 1623 in
1026 1538 1114 1625 id
1158 1537 1463 1656 semper
1535 1539 1933 1656 incubuisti
1977 1607 1998 1639 ,
2034 1609 2039 1615 .
2072 1562 2161 1624 ut
2239 1539 2319 1620 in

294 1655 537 1742 Charo
596 1656 687 1745 85
748 1656 951 1743 -Ara
1026 1660 1298 1745 exaHa
1349 1654 1660 1775 semper
1721 1660 2126 1745 Sacrorum
2189 1654 2321 1740 Ri-

294 1799 516 1861 tuum
549 1766 888 1889 fulgeret
932 1776 1268 1891 amuffis.
1326 1773 1686 1893 Exemplo
1725 1800 1858 1864 tua
1890 1804 2090 1892 aque
2118 1772 2328 1859 hanc

291 1897 376 1975 in
436 1917 512 1976 te
562 1889 900 2005 probasti
936 1957 960 1993 ,
1035 1921 1132 1978 ac
1209 1894 1612 1979 Fratribus
1687 1894 1917 1980 verbo
1988 1890 2325 1978 inculca-

284 2010 396 2123 sti
427 2076 447 2104 ,
508 2008 598 2095 &³
659 2011 792 2090 vix
852 2007 1010 2089 alia
1069 2014 1148 2090 in
1207 2039 1288 2090 re
1347 2009 1559 2091 zelus
1634 2008 1750 2097 Te
1823 2005 2140 2125 eousque
2213 2033 2330 2091 co-

291 2123 571 2219 medit,
620 2147 716 2205 ac
760 2127 1102 2207 armavit
1149 2121 1260 2206 ad
1285 2119 1793 2236 fiveritatem
1818 2191 1840 2221 ‚
1884 2126 2157 2238 quam,
2195 2121 2329 2208 ubi

301 2243 523 2356 Opus
579 2236 734 2323 Dei
775 2234 1243 2355 negligenter
1295 2242 1430 2353 agi
1482 2233 2093 2353 conspicaberis.

478 2360 599 2443 En
658 2357 1003 2472 primam
1073 2381 1296 2443 tuam
1366 2360 1447 2441 in
1511 2356 1771 2443 Deum
1845 2353 2325 2471 diwstonem,

294 2500 459 2591 quae
515 2471 604 2587 si
652 2477 844 2558 mira
885 2472 1053 2590 fuit
1109 2539 1133 2575 ,
1209 2501 1382 2560 cum
1444 2479 1826 2562 unitatem
1886 2497 2031 2561 tuae
2089 2479 2325 2560 virtu-

297 2597 400 2680 tis·
461 2619 610 2677 non
685 2588 980 2677 lederet
1029 2655 1052 2692 ,
1107 2585 1260 2704 sed
1327 2620 1421 2677 ex
1492 2589 1646 2708 ipso
1706 2589 1988 2711 objeHo
2060 2594 2326 2678 divina

260 2713 755 2825 'operationis
815 2707 1252 2796 charaHere
1314 2707 1712 2826 perficeret
1757 2779 1779 2811 ,
1876 2709 2141 2829 Teque
2201 2738 2328 2796 ar·-

300 2829 491 2915 Hius
554 2828 733 2912 ‘Deo
776 2829 1097 2912 vinciret
1136 2892 1158 2928 ,
1201 2824 1366 2943 suit
1404 2823 1755 2941 secunda
1789 2892 1812 2931 ‚
1872 2859 2029 2946 qua
2082 2828 2197 2917 Te
2244 2837 2327 2912 in

286 2946 728 3062 proximum
753 3008 775 3044 ‚
792 2938 1136 3055 flumem
1176 2950 1615 3031 animarum
1657 2946 2045 3063 quarendo
2070 3013 2093 3052 ,
2139 2966 2328 3064 par·-

300 3066 502 3150 titus
560 3092 639 3146 es
670 3127 694 3163 ‚
753 3065 929 3149 vere
991 3061 1490 3182 Apostolica.

518 3173 698 3296 Ipse
746 3179 968 3267 Deus
1036 3179 1151 3267 Te
1222 3185 1302 3267 in
1372 3178 1512 3267 hoc
1589 3209 1896 3268 munere
1964 3176 2331 3270 excellere

301 3293 548 3384 voluit
574 3366 595 3397 ,
658 3294 842 3383 dum
906 3297 1050 3385 tibi
1106 3297 1386 3386 donum
1444 3299 2007 3416 praedicationis
2067 3323 2329 3385 contu-

302 3413 390 3502 lit
448 3483 470 3513 ,
531 3414 710 3502 verb
770 3445 1034 3506 rurum
1094 3481 1117 3520 ‚
1179 3417 1270 3507 85
1333 3423 1691 3504 eximium
1752 3454 1777 3520 ·‚
1835 3416 2012 3503 hinc
2070 3443 2328 3501 vocem

320 3556 540 3621 tuam
572 3540 650 3622 in
696 3534 960 3622 Sacris
993 3533 1277 3650 rostris,
1337 3564 1472 3622 ceu
1515 3536 1744 3633 tuba,
1805 3540 1937 3622 vix
1976 3532 2331 3620 exaltare

315 3652 879 3768 coepistiJonus
916 3653 1088 3771 ejus
1122 3659 1572 3773 penetravit
1607 3647 1842 3769 usque
1899 3651 2011 3739 ad
2043 3651 2327 3859 Sonium

2189 3798 2268 3854 a-
