2508 4218
909 254 1367 375 eApostolica
1396 324 1410 340 .

1996 305 2098 382 91

159 416 231 460 fint
245 443 256 455 .
286 413 474 469 Exceptis
489 418 620 452 tamen
637 407 818 452 Perlbnis
832 408 870 452 in
891 411 1136 465 Dignitate,
1195 414 1331 461 tione,
1353 405 1545 452 Sanctitas
1562 409 1640 451 Sua
1657 409 1875 450 Decretum
1892 410 1991 453 istud
2005 416 2045 454 S.
2057 418 2164 458 Con.

158 469 624 529 Episcopalieonstitutis
640 494 656 519 ,
680 480 754 510 nec
779 480 862 509 non
878 472 969 515 Sac.
989 467 1132 510 Palatii

160 530 383 591 Apostolici
400 527 615 583 Magistro.

276 590 371 632 Hoec
383 589 518 630 omnia
535 613 548 636 ,
578 592 622 627 ut
642 583 812 628 exactius
836 584 1102 627 observentur
1116 611 1132 636 ‚

159 646 423 693 Sanetiffimus
451 645 646 688 Dominus
675 642 822 684 Noster
851 642 1021 698 praesens
1051 645 1129 684 De·

158 713 316 749 cretum
332 705 438 763 typis
455 704 548 755 edi,
573 694 818 756 &publicari
831 730 847 752 ,
873 700 975 742 acin
993 700 1132 743 libello

158 766 432 807 Decretorum
451 761 531 805 san.
546 773 663 803 mem.
680 759 832 802 Urbani
849 760 992 807 VHL,
1015 761 1055 800 δι.
1071 760 1131 798 ln·-

155 822 340 866 nocontii
355 824 429 864 Xl.
442 819 585 877 apponi
606 817 834 862 mandavit.
864 820 952 879 Hac
975 816 1041 859 die
1068 828 1131 857 11.

157 879 256 923 Maii
283 892 406 936 ¹733·

269 985 441 1051 Exempl.
455 992 615 1052 Impnss
629 996 673 1036 tn
690 995 809 1039 Arcb.
830 998 927 1038 Gen.
942 992 1131 1037 Armario

321 1058 364 1097 s.
382 1057 469 1098 Rit.
484 1057 626 1109 Congr-

391 1186 747 1208 -—--c—o,

156 1291 214 1339 In
234 1284 375 1338 oaufis
391 1292 637 1354 Beatorum
655 1287 980 1338 beatificatione
996 1289 1128 1355 aequi-

256 1358 417 1408 ollenti
444 1357 853 1410 immemorabilem
878 1360 1051 1407 cultum
1082 1359 1127 1406 in

222 1375 366 1493 specie
388 1427 540 1495 quoad
563 1429 741 1478 cultum
764 1445 868 1478 cum
893 1425 1024 1478 Miss'a
1038 1462 1055 1486 ,
1076 1426 1127 1480 dt

223 1493 400 1547 officio
430 1497 611 1566 probari
642 1497 807 1549 debere
835 1497 1126 1556 decernitur,

185 1584 187 1587 ·
223 1565 440 1619 &Beatis
464 1566 787 1619 beatificatione
816 1566 997 1619 formali
1018 1567 1128 1618 Mis·

222 1633 292 1687 'sas
312 1672 328 1695 ,
354 1634 404 1690 δι
429 1635 601 1690 Officia
628 1640 810 1710 propria
836 1638 1027 1690 concedi
1063 1641 1127 1688 in·

159 1700 426 1759 *hibetun

154 1812 225 1927 S
237 1814 341 1857 Aera
359 1811 526 1856 Rituum
541 1814 819 1871 Congregatio
843 1814 895 1858 ad
926 1828 1127 1872 prmecu-

178 1895 179 1898 =
219 1878 221 1881 ’
257 1870 403 1929 pandas
423 1871 689 1928 multiplices,
713 1875 752 1915 δι
779 1871 864 1918 fere
890 1876 1129 1926 continuas,

155 1938 584 2030 aarum
596 1930 795 2032 ‘sawt‘
811 1932 1127 2034 W*

587 2018 597 2027 .
758 2005 784 2032 o
841 2005 886 2032 ea
910 2005 940 2032 is
1057 2005 1128 2031 an-

157 2042 229 2086 elis
256 2057 303 2087 ex
327 2013 440 2087 cu⁵ltu
458 2004 787 2100 immemorabili,
817 2049 884 2104 qui
908 2046 1129 2105 hujusmodi

156 2100 291 2152 Officii
306 2129 319 2152 ‚
344 2103 385 2144 δι
399 2100 515 2145 Miffae
530 2105 791 2160 praerogativa
808 2120 1002 2162 nunquam
1020 2106 1128 2160 poti-

157 2159 192 2203 ti
212 2158 326 2203 fuere
338 2186 352 2209 ‚
382 2160 499 2215 quam
512 2176 587 2218 pro
602 2163 728 2205 Beatis
743 2163 765 2206 a
782 2169 821 2206 S·
837 2164 940 2208 Sede
961 2162 1128 2217 Aposto—

157 2217 237 2261 lica
251 2217 509 2270 beatificatis,
536 2219 713 2275 prasenti
731 2219 800 2260 suo
813 2222 990 2263 Decreto
1003 2219 1127 2273 jubet,

155 2276 375 2321 &mandat
389 2300 404 2324 ,
419 2275 774 2318 immemorabilem
788 2278 996 2332 probatam
1011 2276 1126 2333 super

156 2333 443 2388 vacatione,
473 2333 512 2377 ,δι
527 2332 639 2376 cultu
661 2333 831 2388 alicujus
856 2337 986 2381 Sancti
1009 2349 1122 2380 nom

153 2389 423 2439 Canonizati,
448 2403 523 2433 nec
548 2390 766 2435 Beatificati
781 2419 796 2443 ‚
824 2408 902 2438 non
924 2394 1124 2452 suffragari

150 2449 198 2493 sd
214 2447 394 2492 effoetum
408 2477 423 2500 ‚
439 2448 548 2506 quod
563 2452 613 2492 de
628 2448 701 2492 illo
714 2451 829 2507 poffit
842 2449 1013 2497 concedi
1033 2453 1126 2497 Mis-

150 2506 215 2559 ss,
235 2507 301 2550 vel
318 2505 530 2556 Officium,
554 2506 619 2550 {ed
633 2508 673 2551 in
691 2509 846 2566 specie,
865 2513 902 2554 δι
919 2514 958 2556 in
976 2512 1049 2556 illo
1066 2513 1125 2555 lo-

154 2579 205 2609 co
221 2565 298 2610 effe
326 2565 568 2622 probandam
599 2567 962 2614 immemorabilem
991 2571 1122 2627 quoad

150 2623 306 2668 cultum
322 2638 415 2668 cum
431 2623 543 2668 Miffa
555 2651 570 2674 2
581 2626 628 2672 ,δι
641 2626 789 2669 officio
802 2628 910 2685 juxta
923 2630 1020 2675 aliis
1038 2633 1121 2674 De·

151 2692 265 2740 creta
276 2697 348 2740 per
362 2683 532 2726 eandem
549 2685 637 2726 Sac·
653 2689 1025 2742 congregationem
1050 2691 1119 2732 sub

149 2741 216 2784 die
228 2754 296 2786 20.
313 2742 553 2786 Novembris
576 2744 695 2788 2628.
709 2757 906 2789 annuente
919 2760 951 2787 s.
965 2759 1021 2787 m.
1039 2749 1122 2791 Ur-

144 2800 308 2844 banon
315 2802 372 2843 11.
387 2814 459 2852 ,ac
473 2800 683 2844 succeffive
699 2803 932 2846 confirmata
947 2819 1018 2860 per
1031 2818 1123 2847 s.m.

145 2858 431 2902 Innocentium
447 2859 542 2900 xit.
559 2858 628 2903 sub
642 2859 711 2904 die
732 2863 946 2913 17.Oetub.
968 2865 1089 2919 1693.
1106 2893 1121 2917 ,

146 2930 232 2972 que
245 2915 333 2959 vult
353 2915 592 2971 inposterum
604 2920 770 2961 omnino
794 2919 869 2964 effe
897 2924 1089 2966 servanda
1106 2952 1121 2975 ‚

87 3006 90 3010 .
148 2973 430 3030 &exequenda
445 3003 457 3013 -
486 2975 583 3026 Quo
599 2977 700 3019 vero
714 2978 763 3020 ad
780 2981 922 3023 Beatos
938 3006 953 3029 s
967 2980 1120 3024 seilicet

149 3034 173 3078 λ
204 3032 308 3076 Sede
338 3031 572 3087 Apostolica
609 3032 859 3081 Beatificatos
884 3067 898 3090 ,
936 3039 1119 3094 expresse

147 3090 271 3134 etiam
295 3089 480 3140 mandat,
510 3092 550 3133 δι
572 3095 775 3149 praecipit,
809 3097 1010 3140 instantias
1036 3113 1120 3141 am-

147 3149 250 3207 plius
270 3162 348 3191 nou
366 3149 518 3204 recipi,
549 3153 612 3194 vel
632 3151 789 3196 admitti
815 3164 896 3199 tam
925 3171 999 3211 pro
1023 3172 1118 3199 con-

148 3207 317 3250 cellione
341 3206 485 3259 Miffae,
513 3209 555 3250 δι
573 3209 706 3253 officii
727 3214 875 3268 proprii
899 3216 936 3256 in
960 3229 1120 3257 eorum-

148 3266 238 3310 dem
253 3266 446 3308 honorem
460 3293 475 3316 ,
505 3281 576 3309 nec
597 3282 675 3324 pro
691 3270 737 3312 iis
758 3271 1033 3315 determinatis
1060 3273 1120 3314 lo·

148 3325 231 3372 eis,
258 3325 298 3366 δι
325 3323 633 3377 particularibus
650 3327 857 3379 personis,
878 3331 1020 3385 quibus
1050 3333 1121 3374 in..-

144 3384 340 3429 Brevibus
369 3382 715 3427 Beatificationum
734 3387 902 3430 facultas
917 3388 1120 3431 celebran—

146 3441 187 3492 di
205 3438 354 3483 Miss'am
369 3467 384 3490 ‚
407 3442 444 3483 &
459 3441 659 3485 recitandi
677 3443 861 3487 officium
878 3445 930 3488 de
943 3461 1121 3488 commu·

149 3498 188 3539 ni
205 3497 356 3541 indulta
368 3501 423 3542 est
437 3529 451 3550 ‚
473 3503 595 3556 quam
614 3516 686 3555 pro
701 3501 929 3546 extenfione
944 3504 1119 3556 ciusdem

149 3552 297 3604 Micia,
322 3558 362 3598 dt
382 3558 514 3601 officii
532 3560 584 3603 de
597 3561 819 3610 communi,
843 3560 892 3601 ad
908 3562 1121 3610 alialoca,

146 3614 186 3655 δι
200 3611 382 3667 personas
397 3643 412 3663 ,
440 3630 584 3670 praeter
601 3619 666 3661 illa
682 3649 695 3671 ,
725 3621 787 3662 seu
817 3618 908 3661 illas
937 3621 976 3662 in
1005 3618 1118 3662 dieiis

150 3670 346 3715 Brevibus
365 3671 570 3726 affigimus
583 3705 595 3718 ,

262 3729 338 3770 Die
360 3742 420 3771 ιι.
435 3733 737 3788 Augusti1736.

264 3786 454 3842 Factaque
480 3790 623 3833 deinde
640 3808 707 3846 per
722 3807 785 3835 me
813 3793 1115 3837 Secrerarium,

145 3842 523 3947 Sanctiffimog-IN
541 3849 745 3895 Clementi
769 3855 874 3908 Papa
893 3856 991 3896 X11.
1014 3852 1116 3894 rela-

267 3908 368 3948 Tom.
461 3934 472 3946 .

1192 466 1435 524 gregationis
1450 464 1707 508 confirmavit
1721 495 1737 517 ,
1759 469 1799 508 δι
1821 469 2060 522 approbavit
2076 497 2089 518 ,
2121 486 2166 515 ac

1192 527 1434 582 inposterum
1450 525 1744 568 inviolabiliter
1757 524 1905 566 servari
1927 526 2028 581 juffit
2045 556 2057 569 .
2090 530 2166 570 Die

1198 599 1260 637 ¹7·
1273 584 1450 642 ejusdem
1464 585 1603 646 mentis
1619 584 1782 638 Augusti
1804 585 1925 637 1736.

1308 703 1467 818 Try-1124.
1474 707 1569 754 par.
1582 713 1620 743 a.
1637 705 1751 756 Oper-
1772 701 1972 744 Lambert.
1989 701 2030 742 in
2042 700 2165 742 addit.

1385 774 1404 800 o
1424 786 1435 799 .
1453 771 1472 813 3
1481 769 1551 813 59.

1592 898 1727 920 -.-

1362 995 1983 1040 INSTRUCTIO

1188 1114 1260 1156 Pro
1283 1111 1519 1171 conficiendis
1548 1112 1812 1156 Relationt‘bus
1843 1115 2131 1157 eratulormn
2145 1138 2162 1164 ‚

1243 1184 1333 1226 quse⁴
1356 1170 1565 1212 identidem
1582 1176 1624 1212 tn
1653 1172 1807 1228 divevfis
1832 1174 1968 1215 mundi
1988 1172 2168 1214 Partibus

1244 1229 1398 1284 operari
1423 1230 1610 1282 dtgnaetaer
1636 1230 1848 1286 Altt'ffimus
1870 1230 1925 1271 ad
1942 1228 2169 1285 Intercefflo-

1243 1300 1329 1330 nem
1348 1288 1556 1328 Brutorum
1572 1314 1587 1336 ,
1610 1288 1858 1341 altorumque
1883 1286 2165 1331 rem-rabum-

1247 1348 1454 1387 servorum
1462 1345 1628 1400 fitormn
1642 1373 1656 1395 ,
1682 1359 1846 1401 quorum
1864 1347 1997 1404 Conse
2012 1346 2067 1388 ad
2078 1345 2163 1403 ff*

1244 1402 1348 1446 etum
1378 1403 1679 1457 Beattfcaett‘ont's
1698 1430 1712 1452 2
1743 1414 1814 1447 out
1846 1405 2160 1447 canonizationis

1243 1462 1476 1504 introduHae
1489 1490 1504 1515 ‚
1533 1462 1890 1506 velintroducendae
1901 1464 2006 1521 sttttt
2020 1468 2063 1505 t'n
2076 1467 2167 1504 sac.

1246 1524 1412 1565 Rituunt
1431 1525 1731 1576 congregatione
1742 1550 1755 1564 .

1305 1641 1384 1683 Um
1401 1638 1593 1683 mirabilis
1616 1642 1726 1683 Deus
1742 1639 1781 1681 in
1799 1637 1951 1684 Sanctis
1979 1637 2052 1680 suis
2083 1638 2162 1680 Ec-

1319 1697 1479 1740 clefiam
1509 1699 1801 1750 Catholicam,
1833 1712 1907 1746 ceu
1933 1694 2163 1752 Sponsam-a

1188 1757 1292 1797 luam
1310 1756 1428 1799 unice
1445 1755 1627 1799 dilectam
1642 1785 1657 1809 ,
1680 1770 1749 1812 per
1775 1757 1879 1814 figna
1906 1759 1946 1799 &
1975 1754 2164 1798 miracula

1186 1826 1340 1857 certam
1356 1814 1528 1858 reddere
1542 1816 1792 1860 consueverit
1809 1816 2004 1872 de'gloria
2022 1812 2166 1866 sempi-

1189 1886 1303 1917 terna
1336 1874 1491 1916 illarum
1516 1876 1737 1918 animarum
1759 1904 1775 1926 ,
1801 1889 1887 1931 qua
1901 1874 2066 1917 Christo
2092 1874 2165 1916 in.»

1186 1933 1400 1976 charitate
1417 1935 1635 1990 conjuncte
1653 1935 1692 1976 in
1711 1934 1782 1975 hac
1802 1936 1880 1976 vita
1901 1932 2062 1975 mortali
2089 1934 2164 1973 bo·

1187 2004 1282 2032 num
1305 2001 1509 2032 certamen
1541 1991 1751 2034 certarunt
1768 2020 1781 2042 ‚
1807 1991 1964 2034 cursum
1982 1990 2162 2032 consum·

1188 2045 1349 2090 marunt
1370 2076 1384 2098 ‚
1414 2045 1533 2090 fidem
1555 2047 1793 2100 servarunt;
1823 2050 1997 2103 indeque
2019 2050 2163 2090 nedum

1190 2120 1379 2148 coronam
1404 2104 1557 2158 justitie
1573 2106 1825 2162 reportarunt
1843 2108 1880 2149 in
1897 2107 2028 2150 Coelis
2042 2135 2056 2157 ,
2088 2119 2160 2147 ve·

1190 2162 1277 2205 rum
1294 2163 1413 2205 etiam
1429 2162 1622 2218 ejusmodi
1637 2163 1790 2218 adeptae
1803 2178 1962 2207 coronae
1987 2165 2163 2206 testimo-

1186 2220 1260 2263 nio
1274 2220 1315 2262 in
1332 2219 1538 2276 conspeetu
1551 2219 1742 2285 sseclefiae
1759 2221 1966 2265 militantis
1983 2235 2031 2264 ex
2055 2222 2163 2263 divi-

1187 2292 1242 2321 no
1258 2278 1512 2333 beneplacito
1527 2278 1786 2323 condecorari
1802 2290 2011 2323 merentur
2024 2308 2037 2331 ,
2070 2280 2162 2322 ideo

1186 2337 1402 2392 Supremus
1420 2338 1569 2382 Christi
1588 2340 1772 2383 Vicarius
1791 2340 1829 2382 in
1849 2340 1984 2382 Terris
2010 2340 2163 2380 Roma-

1185 2409 1256 2439 nus
1281 2395 1467 2439 Pontifex
1499 2398 1653 2440 Divinae
1683 2398 1885 2442 voluntati
1916 2399 2160 2452 obsequens,

1184 2464 1269 2497 tum
1295 2456 1455 2498 demum
1474 2455 1523 2498 ad
1542 2458 1902 2500 Canonizationem
1922 2459 2133 2500 Beatorum
2148 2482 2163 2506 ‚

1184 2524 1251 2557 aut
1268 2514 1317 2555 ad
1338 2512 1677 2558 Beatificationem
1693 2517 1995 2560 venerabilium
2011 2520 2163 2559 serro-

1184 2586 1275 2615 rum
1292 2573 1368 2615 Dei
1402 2571 1631 2616 solemniter
1646 2578 1829 2630 procedit
1846 2604 1859 2626 ‚
1892 2575 2054 2632 quando
2081 2572 2163 2630 post

1183 2630 1329 2673 saetam
1345 2645 1503 2675 omnem
1521 2632 1740 2688 poffibilem
1758 2637 1970 2677 humanam
1987 2634 2162 2688 diligen·
2244 2633 2249 2638 “

1181 2690 1310 2739 tiam,
1335 2704 1419 2745 quae
1435 2691 1473 2732 in
1490 2693 1649 2734 retenti
1677 2696 1870 2735 momenti
1900 2706 1971 2745 per
2005 2695 2161 2745 rigoro-

1182 2746 1363 2789 fiffimum
1382 2761 1546 2790 examen
1561 2750 1765 2790 Virtutum
1778 2778 1793 2800 ,
1809 2750 1992 2803 Martyrii
2003 2777 2018 2800 ,
2032 2751 2070 2789 δι
2086 2747 2167 2791 Mi·-

1182 2805 1413 2848 raculorum
1431 2804 1676 2859 judicialiter
1691 2806 1792 2848 solet
1808 2807 1989 2848 adhiberi
2004 2834 2019 2857 ,
2049 2805 2155 2860 post·

1181 2877 1257 2919 que
1272 2860 1373 2906 fusas
1388 2863 1438 2904 ad
1460 2865 1589 2905 Deum
1606 2878 1741 2920 preces
1767 2866 1921 2908 caelitus
1953 2865 2104 2905 moveri
2123 2859 2160 2904 se

1181 2922 1298 2966 sentit
1314 2949 1329 2971 ,
1357 2923 1405 2964 ad
1425 2922 1596 2976 primum
1611 2925 1789 2975 cultum,
1817 2925 1876 2966 vel
1894 2924 2011 2978 ipsius
2027 2918 2157 2963 cultus

1180 2982 1750 3036 augmentumVenerabilibus
1768 2983 1839 3024 Dei
1854 2982 1997 3029 Servis,
2009 2982 2048 3022 δι
2064 2982 2156 3022 Bea-

1181 3039 1340 3084 tificatis
1367 3040 1585 3092 respective
1603 3040 1906 3084 decernendum
1923 3070 1934 3080 .
1966 3043 2097 3098 Qam
2116 3041 2154 3080 in

1181 3113 1265 3142 rem
1281 3100 1371 3155 quia
1392 3096 1566 3140 sufficere
1583 3113 1660 3140 non
1677 3099 1831 3155 poliunt
1845 3099 2060 3142 relationes
2079 3097 2155 3139 illae

1181 3158 1379 3201 succinciae
1393 3157 1429 3196 &
1444 3158 1730 3212 compendiosae
1742 3185 1756 3207 ,
1779 3171 1865 3214 quae
1879 3157 1932 3200 de
1950 3158 2064 3212 signis
2079 3186 2093 3208 ,
2119 3157 2158 3197 δι

1183 3215 1383 3260 miraculis
1409 3215 1540 3268 paffim
1565 3217 1614 3257 ad
1644 3218 1799 3260 Urbem
1830 3218 2074 3262 mittuntur,
2105 3215 2155 3256 eo

1181 3275 1288 3331 quod
1309 3287 1379 3316 nec
1399 3273 1619 3316 relevantia
1635 3273 1725 3316 faeti
1744 3304 1758 3326 ‚
1782 3290 1854 3318 nec
1874 3274 2154 3329 probationum

1179 3332 1418 3377 sufficientia
1440 3332 1534 3373 inde
1552 3332 1640 3375 latis
1664 3332 1839 3380 desumi,
1865 3347 1911 3373 ac
1934 3331 2062 3371 multo
2080 3331 2155 3371 mi-

1183 3407 1255 3435 nus
1270 3389 1439 3432 Articuli
1456 3416 1469 3436 a
1494 3392 1534 3431 ec
1552 3391 1867 3446 interrogatoria
1886 3402 1960 3443 pro
1977 3387 2154 3429 forman-

1175 3447 1235 3492 do
1268 3445 1450 3493 Proceffu
1482 3450 1719 3503 Apostolico
1759 3448 1924 3502 desuper
1954 3447 2155 3488 efformari

1179 3507 1351 3564 puniat,
1382 3519 1428 3547 ex
1454 3506 1554 3560 justo
1571 3508 1754 3555 motivo,
1787 3519 1836 3547 ne
1864 3518 1957 3546 cum
1986 3504 2154 3545 maxima
2196 3522 2199 3527 ·

1179 3565 1370 3622 temporis
1385 3593 1399 3611 ‚
1432 3566 1472 3604 δι
1498 3565 1717 3617 sumptuum
1736 3562 1881 3614 jactura
1898 3562 2152 3618 quissnnita-

1179 3631 1250 3666 tur
1280 3621 1539 3665 relationibus
1568 3620 1758 3673 ejusmodi
1791 3623 1998 3663 Fastorum
2023 3648 2037 3671 ‚
2069 3633 2152 3675 quae

1176 3679 1407 3722 miraculosa
1422 3678 1580 3733 quidem
1598 3687 1788 3732 apparent
1805 3707 1819 3728 ‚
1843 3679 1905 3719 sed
1923 3678 2019 3720 talia
2036 3691 2150 3720 reve-

1174 3753 1218 3779 ra
1234 3752 1314 3779 non
1336 3739 1422 3778 sunt
1437 3761 1451 3784 ‚
1480 3746 1543 3776 aut
1563 3739 1658 3779 vero
1675 3764 1688 3786 ,
1713 3750 1795 3790 quae
1814 3736 2057 3779 sufficienter
2073 3737 2143 3779 iri-e

1174 3795 1327 3850 judicio
1345 3793 1498 3849 probari
1530 3806 1609 3834 non
1640 3793 1793 3848 poffunt
1812 3796 1918 3847 &cc-3
1950 3795 2042 3837 hinc
2069 3807 2146 3845 op·

1175 3862 1391 3909 portununt
1414 3850 1611 3901 maxime,
1641 3853 1680 3894 ἃ.
1705 3852 1933 3897 consultum
1959 3853 2143 3895 duximus

1519 3910 1562 3952 M
1593 3922 1615 3950 a
1958 3913 2082 3953 omni-
