2496 4172
323 149 502 235 432

264 285 356 315 rum
372 271 600 325 habeatur,
626 287 713 330 quc
737 271 826 330 ipiis
840 269 1094 328 pr'aesentibus
1110 276 1243 319 Litte-

261 333 323 432 ¹ris
340 331 563 376 haberetur
574 359 591 385 ,
610 335 636 377 fi
651 333 785 377 forent
798 332 987 378 exhibitae
999 362 1014 386 ,
1035 336 1099 378 rel
1113 336 1242 379 oflen-

278 405 308 433 2
325 419 341 434 ·
381 453 536 494 Mum
554 453 695 495 Romae
709 451 816 507 apud
830 455 1019 496 sanetum
1038 456 1243 497 Petrum...

269 509 341 554 sub
352 509 521 555 Annulo
539 512 755 554 Piscatoris
767 511 834 553 die
846 513 1084 554 xxt.Martii
1097 528 1242 555 sancc-

267 568 671 627 3xrx.Poutifieatfis
685 570 824 614 Nostri
840 574 960 613 Anno
984 574 1166 625 Quarto.

333 687 540 744 Euser’spto
564 701 614 727 ex
638 686 816 729 Bullarii
845 685 1014 729 Romani
1035 697 1139 731 tom
1171 702 1236 730 12.
1273 700 1277 704 ·

358 745 445 803 sol.
450 758 471 799 3
480 757 554 793 70.
569 745 640 786 col.
651 761 695 788 ι.

255 978 582 1030 Summarium
613 978 822 1028 omnium
841 1012 857 1036 ,
891 975 940 1028 ὅ(
960 976 1241 1046 singularum

321 1047 728 1116 Indulgentiarum
747 1046 1242 1101 Archiconfraternita·

322 1120 358 1168 ti
378 1116 653 1169 Sanctiffimi
672 1120 955 1170 Sacramenti
974 1120 1022 1168 in
1040 1121 1240 1172 Ecclesia

321 1192 372 1241 S.
387 1190 548 1239 Mariae
565 1186 699 1258 supra
724 1190 991 1240 Minervam
1023 1188 1081 1240 de
1104 1191 1238 1247 Urbe

320 1259 507 1319 ercc'tae,
534 1258 799 1330 ceterisque
829 1259 1017 1330 singulis
1035 1261 1235 1314 Confra-

321 1328 611 1380 ternitatibus
637 1331 838 1394 ejusdem
866 1330 1100 1392 Instituti,
1138 1336 1235 1385 ubi-

324 1417 416 1469 que
441 1403 676 1450 Locorum
703 1400 921 1452 canonice
955 1402 1149 1464 ercstis.
1182 1404 1235 1459 ἃ

324 1469 553 1542 erigendis
567 1468 872 1523 conccffarum
890 1509 906 1526 .

285 1613 993 1669 'APAULO

479 1742 562 1784 nie
580 1751 622 1792 3.
633 1742 861 1786 Novembris
876 1741 1003 1786 1606.

1133 1620 1199 1668 V.

316 1866 352 1902 ι.
481 1856 732 1913 Nduigentia
746 1859 924 1915 plenaria
950 1858 1233 1918 cuicumquea

412 1860 466 1969 I
497 1915 700 1973 utriusque
724 1916 833 1961 sextis
860 1916 1129 1963 Christifideli
1155 1935 1230 1976 pro

249 1975 317 2018 die
331 2002 347 2027 ,
369 1988 447 2031 qua
462 1975 626 2031 quisque
648 1974 845 2020 confessus
864 2004 877 2025 ‚
893 1979 932 2020 δι
949 1981 1072 2021 Sacra
1096 1981 1228 2023 Com-

246 2034 439 2078 munione
455 2032 624 2078 resectus
635 2036 836 2080 Sodaiitio
850 2050 1000 2080 nomen
1015 2037 1195 2082 dederit.

309 2106 351 2136 a.
412 2092 669 2151 Indulgentia
701 2094 881 2151 plenaria
906 2096 1222 2151 Confratribus‚

247 2154 287 2196 δι
307 2153 604 2198 Consbroribus
628 2153 806 2209 ejusdem
836 2154 1075 2199 Sodalitatis
1104 2187 1120 2210 ‚
1150 2160 1219 2216 qui

248 2214 344 2256 vere
356 2213 587 2270 penitentes
601 2242 616 2265 ,
642 2214 681 2255 δι
694 2216 817 2258 Sacra
843 2215 1141 2261 communione
1154 2232 1220 2261 re-

249 2271 342 2314 sceti
358 2270 604 2316 Processioni
619 2271 851 2316 sanetiffimi
864 2277 1130 2325 sacramenti,
1140 2291 1228 2333 quoe

245 2332 314 2373 die
346 2332 496 2374 oetam
521 2331 803 2375 solemnitatis
827 2332 1023 2385 Corporis
1056 2336 1225 2377 Domini

301 2389 386 2444 ragi
403 2388 507 2432 solet
520 2416 536 2440 ‚
551 2386 714 2444 singulis
732 2388 844 2430 annis
859 2387 1120 2436 interfuerint
1134 2420 1149 2445 ,
1167 2392 1220 2435 il·

267 2446 404 2503 udque
415 2447 699 2491 affoeiaverint
716 2458 906 2500 ‚orantes
932 2461 1007 2503 pro
1020 2462 1123 2504 paee
1137 2477 1154 2502 ,
1182 2453 1224 2494 δε

249 2505 466 2548 concordia
495 2504 816 2545 christianorum
839 2504 1074 2560 Principum
1088 2533 1104 2556 ,
1128 2510 1223 2551 Ha-

246 2563 466 2609 reticorum
491 2560 788 2619 extirpatione,
818 2574 866 2604 ac
892 2565 1043 2607 sanae
1078 2566 1225 2611 Matris

249 2620 437 2665 Eccieiiax
453 2621 704 2666 exaltatione
716 2651 729 2664 .

367 2683 463 2724 Hoec
478 2681 734 2738 Indulgentia
749 2681 825 2727 fuit
836 2682 934 2728 inde
958 2683 1010 2727 ab
1024 2685 1225 2731 Innocen⁴

245 2739 309 2783 tio
324 2740 421 2783 ΧΠ.
436 2739 504 2784 die
520 2752 588 2792 ²7·
602 2743 843 2787 Novembris
863 2744 985 2801 ¹⁶9⁴·
1014 2745 1064 2787 ad
1080 2742 1224 2789 feriam

252 2797 401 2843 sextam
424 2798 509 2855 post
528 2802 726 2856 Corporis
740 2802 902 2846 Domini
927 2801 1223 2849 solemnitatem

251 2857 485 2903 immediate
502 2855 728 2915 sequentem
746 2863 942 2906 translata
955 2889 967 2903 .

308 2930 351 2970 3.
415 2917 608 2960 Eamdem
623 2919 926 2975 indulgentiam
951 2921 1110 2977 poii’unt
1133 2937 1225 2967 om-

247 2987 318 3017 nes
335 2975 578 3042 confratres
593 3003 608 3028 ,
635 2978 676 3020 Bc
690 2979 948 3024 consorores
963 3011 978 3034 ‚
1005 2985 1075 3040 qui
1090 2982 1226 3039 legiti-

251 3032 323 3100 111ὲο
336 3034 519 3089 impediti
535 3034 760 3091 proedietam
779 3041 1078 3086 Processionem
1092 3041 1222 3086 eomi-

246 3101 324 3134 tati
342 3094 861 3149 nequiverint,dummodo
884 3110 1017 3144 tamen
1038 3100 1133 3144 vere
1149 3113 1221 3159 pg-

244 3150 417 3195 nitentes
430 3149 625 3203 confessi,
636 3169 682 3198 ac
698 3160 818 3201 Sacra
845 3160 1145 3205 communione
1160 3172 1221 3205 re·

245 3206 338 3253 sceti
361 3209 512 3255 suerint
525 3240 539 3264 ‚
550 3213 588 3255 ὰ
600 3239 617 3266 ,
630 3224 674 3257 ut
688 3212 801 3272 supr!
814 3243 829 3267 ‚
839 3219 1051 3262 oraverint
1062 3249 1074 3261 .

304 3281 343 3320 ς.
408 3270 666 3329 Indulgentia
682 3273 858 3331 plenaria
870 3279 1054 3322 omnibus
1070 3280 1131 3326 ,δι
1144 3278 1221 3323 fin-

247 3327 352 3382 guiis
383 3328 666 3376 Confratribus
681 3359 698 3385 ‚
716 3334 758 3377 δι
783 3333 1085 3380 consororibus
1103 3367 1117 3389 ,
1147 3339 1218 3397 qui

245 3385 445 3451 confessi,
459 3403 505 3433 ac
518 3392 639 3435 Sacra
663 3394 960 3438 communione
979 3393 1139 3446 resecti,
1169 3413 1215 3442 ac

244 3458 284 3485 m
298 3448 440 3491 monis
461 3449 635 3494 articulo
660 3452 894 3504 constituti,
922 3454 1215 3501 Sanflii'simum

244 3503 333 3557 jesu
364 3509 525 3551 Nomen
548 3524 622 3553 ore
637 3539 652 3562 ‚
668 3509 693 3553 si
719 3515 958 3568 potuerint,
987 3515 1041 3557 fin
1064 3516 1215 3571 minus,

244 3563 367 3603 eorde
381 3564 519 3609 saitem
534 3569 814 3615 invocaverint
829 3600 841 3613 .

301 3630 343 3667 5.
403 3624 655 3678 Indumentis
685 3628 833 3686 septem
862 3646 1088 3687 annorum,
1118 3637 1214 3679 toti-

245 3673 417 3776 dfmpue
430 3685 799 3746 quadragenarum,
826 3689 1140 3743 confratribus,
1170 3695 1211 3738 δι

243 3736 334 3775 <⁶⁰⁰
351 3739 536 3782 ΟΜΝ·
550 3770 565 3791 2
578 3744 756 3798 quivere
769 3752 997 3805 penitentes
1009 3778 1025 3802 ‚
1042 3754 1082 3795 oc
1104 3765 1208 3797 con·

1027 128 1543 216 Monumenta

1304 273 1418 322 fessi,
1445 267 1737 315 Sanaissimum
1758 266 2018 312 Eucharistiae
2043 271 2277 313 Sacramen²

1303 344 1391 376 tum
1419 331 1459 372 in
1482 329 1582 373 festo
1607 329 1803 383 Corporis
1822 327 1988 370 Domini
2007 327 2279 385 sumpserint,

1307 393 1372 443 δι,
1387 399 1431 432 ut
1449 388 1563 445 supra
1579 417 1595 439 ,
1611 388 1824 430 oraverint
1838 415 1849 427 .

1365 455 1405 492 6.
1471 448 1726 503 Indulgentia
1751 457 1914 488 centum
1945 445 2106 488 dierum
2121 445 2286 503 singulis

1301 507 1608 558 Confratribus‚
1623 508 1664 548 δι
1677 504 1989 556 Consororibus‚
2006 504 2287 560 quotiescumq

1299 582 1378 624 que
1404 568 1562 610 Divinis
1584 566 1736 609 Officiis
1750 595 1764 618 ,
1787 567 1828 607 &
1848 564 2084 608 Sodaiitatis
2106 561 2282 605 Proces-

1300 627 1474 670 fionibus
1489 624 1771 670 interfuerint.

1359 698 1398 736 7.
1461 686 1718 742 Indulgentia
1733 695 1897 730 centum
1923 684 2083 727 dierum
2101 678 2285 727 Confra-

1301 744 1430 785 tribus
1445 772 1459 794 ,
1471 746 1512 786 δι
1524 746 1825 788 consororibus
1837 745 1879 789 in
1894 744 2076 800 qualibet
2099 740 2200 786 feria
2222 738 2284 781 se-

1302 810 1371 842 xta
1387 802 1513 842 totius
1522 802 1616 843 anni
1631 803 1878 845 visitantibus
1895 802 2133 854 Ecclesiam,
2148 800 2186 842 in
2202 812 2282 855 qua

1303 856 1636 901 confraternitas
1652 860 1850 915 reperitur
1861 864 1992 904 crecta
2006 892 2020 905 .

1377 919 1416 958 8.
1488 916 1753 971 Indulgentia
1779 917 1928 973 septem
1962 933 2157 963 annorum
2181 916 2285 960 toti-

1302 972 1474 1030 demque
1495 975 1837 1030 quadragenarum
1862 976 2150 1022 confratribus
2184 1005 2201 1028 ‚
2242 977 2284 1018 δι

1301 1032 1605 1075 consororibus
1615 1061 1629 1084 ‚
1642 1035 1711 1088 qui
1724 1034 1820 1076 vere
1842 1037 2070 1090 penitentes
2089 1064 2105 1088 ‚
2115 1033 2285 1077 confes-

1302 1089 1330 1132 fi
1343 1119 1357 1142 ,
1370 1105 1417 1133 ac
1431 1092 1551 1135 Sacra
1566 1092 1869 1135 communione
1885 1093 2040 1143 resecti,
2052 1092 2287 1137 Processio-

1304 1149 1343 1192 ni
1361 1150 1400 1192 in
1415 1150 1629 1193 Dominica
1647 1151 1766 1193 tertia
1780 1148 2014 1205 'cujuslibet
2041 1150 2182 1193 meniis
2198 1176 2214 1199 s
2238 1153 2282 1193 ἃ.

1298 1204 1404 1252 feria
1431 1211 1573 1268 quinta
1591 1210 1632 1252 in
1646 1212 1763 1267 cena
1785 1208 1957 1252 Domini
1973 1207 2060 1253 fieri
2085 1207 2285 1252 solitaein-

1305 1267 1545 1314 terfuerint.
2279 1292 2281 1294 -

1352 1342 1395 1385 9.
1456 1328 1720 1384 Indulgentia
1735 1338 1902 1374 centum
1917 1328 2080 1373 dierum
2103 1325 2286 1371 confrass

1295 1389 1428 1434 tribus
1443 1418 1459 1443 ‚
1490 1390 1532 1431 δι
1545 1387 1845 1432 consororibus
1859 1416 1874 1438 ‚
1904 1389 1976 1444 qui
1992 1387 2133 1431 saltem
2148 1386 2288 1442 poeni·

1295 1455 1429 1492 tentes
1443 1477 1458 1500 ‚
1488 1448 1530 1490 Gt
1543 1445 1703 1490 confeffi
1720 1445 2008 1492 Proceffionem
2030 1446 2135 1489 'stria
2163 1445 2286 1500 quin-³

1293 1516 1334 1548 ta
1367 1508 1410 1551 in
1433 1511 1565 1551 Coena
1591 1507 1759 1550 Domini
1787 1506 2059 1564 peragendam
2092 1502 2283 1548 comitati

1293 1565 1444 1610 fuerint
1458 1594 1473 1611 .

1357 1638 1422 1669 ιο.
1483 1625 1744 1682 Indulgentia
1759 1626 1910 1682 septem
1924 1638 2124 1669 annorum
2137 1653 2153 1678 ,
2182 1621 2286 1665 toti-

1294 1683 1469 1740 demque
1497 1683 1845 1741 quadragenarum
1873 1682 2158 1727 confratribus
2183 1711 2199 1734 ,
2241 1681 2284 1723 &

1295 1743 1623 1795 Consororibus,
1650 1742 1898 1799 quotiescum
1930 1755 1981 1784 ue
1996 1741 2288 1787 Sanetissimum

1293 1802 1600 1844 Sacramentum
1619 1829 1636 1852 ,
1662 1815 1758 1842 eum
1783 1801 1835 1842 ad
1859 1802 1906 1841 In
1937 1814 2077 1849 rmos,
2108 1800 2172 1844 vel
2199 1797 2284 1841 alio

1292 1857 1502 1908 defertur,
1532 1872 1627 1902 eum
1648 1858 1830 1911 lumine,
1859 1867 1926 1901 aut
1941 1855 2021 1900 fine
2047 1856 2198 1901 lumine
2221 1855 2286 1910 asff

1289 1916 1532 1962 sociaverint
1546 1943 1559 1958 ·
2134 1949 2138 1953 .

1351 1992 1366 2019 1
1381 1991 1414 2020 1.
1474 1977 1735 2036 Indulgentia
1745 1982 1907 2022 centum
1921 1977 2081 2022 dierum
2095 1973 2284 2020 Confra-

1283 2036 1416 2082 tribus
1432 2063 1448 2087 ‚
1477 2037 1519 2079 δι
1546 2038 1874 2087 consororibus,
1902 2037 1969 2095 qui
1997 2034 2135 2079 locum
2156 2062 2171 2087 ‚
2213 2033 2282 2078 ubi

1282 2095 1571 2141 sanctissimum
1594 2100 1902 2142 Sacramentum
1929 2094 2154 2138 asservatur
2172 2118 2189 2144 2
2219 2088 2281 2136 fe-

1280 2155 1342 2198 ria
1355 2156 1495 2212 quinta
1511 2157 1552 2199 in
1562 2161 1698 2202 Coena
1713 2155 1880 2201 Domini
1900 2154 2150 2200 visitaverint
2164 2181 2180 2206 ,
2192 2165 2240 2195 ac
2264 2177 2281 2205 ,

1286 2224 1335 2259 ut
1346 2213 1491 2273 supra,
1522 2217 1756 2261 oraverint.

1411 2337 1450 2377 A
1510 2336 1551 2376 C
1580 2337 1618 2377 1.
1647 2336 1684 2375 E
1714 2336 1761 2376 Μ
1790 2334 1828 2375 E
1859 2333 1902 2376 N
1933 2331 1972 2373 'l'
1995 2330 2033 2373 B
2091 2328 2150 2371 Χ.

1528 2450 1610 2490 Die
1623 2462 1691 2502 24.
1704 2447 1901 2502 qanuarli
1916 2447 1966 2489 16
1970 2459 1994 2496 7
1997 2462 2040 2502 3.

1348 2578 1364 2607 ι
1374 2577 1415 2607 2.
1476 2562 1735 2621 Indulgentia
1748 2572 1911 2609 eentum
1925 2561 2087 2606 dierum
2097 2561 2275 2608 confra⁴

1285 2620 1414 2667 tribus
1429 2652 1446 2675 ,
1474 2625 1516 2668 ἀ
1529 2624 1829 2668 consororibus
1859 2635 1937 2680 pro
1957 2621 2139 2679 qualibet
2156 2621 2245 2666 vice
2258 2647 2276 2672 2

1284 2693 1362 2738 qua
1385 2682 1560 2726 cadaver
1585 2682 1756 2739 alicujus
1781 2680 2061 2727 Christifideiis
2089 2680 2272 2726 desunfii

1285 2738 1337 2783 ad
1357 2740 1603 2798 sepulturam
1620 2739 1897 2786 affociaverint
1909 2769 1924 2785 .

1342 2861 1382 2904 Α
1441 2860 2014 2906 BENEDICTO
2071 2858 2211 2905 XIV.

1548 2981 1629 3024 Dte
1641 2992 1683 3022 a.
1702 2978 1871 3039 Anguste·
1893 2992 2015 3037 ¹749·

1349 3051 1411 3094 ¹3·
1475 3038 1736 3096 Indulgentia
1749 3051 1913 3083 eentum
1929 3038 2087 3083 dierum
2100 3036 2274 3083 Confras

1285 3096 1417 3142 tribus
1432 3128 1448 3151 ,
1484 3098 1524 3141 δι
1540 3097 1839 3143 consororibus
1854 3124 1869 3148 ‚
1900 3092 2276 3155 quotiescumque-e

1281 3155 1405 3200 Miffis
1430 3158 1471 3201 in
1504 3155 1714 3213 Ecclesia,
1744 3158 1810 3203 seu
1835 3156 2008 3214 Capella
2029 3186 2047 3210 ,
2077 3157 2141 3201 vel
2169 3158 2273 3200 Ora-

1283 3215 1411 3319 ἱονίοό
1427 3210 1786 3262 confraternitatis
1821 3229 1900 3274 pro
1937 3225 2123 3274 tempore
2162 3212 2272 3258 ceie-

1311 3288 1380 3320 ran
1415 3278 1474 3321 ist

1345 3347 1409 3391 14.
1470 3336 1549 3380 Seu
1563 3336 1960 3396 congregationibus
1976 3330 2171 3399 publicis,
2204 3329 2274 3374 vel

1278 3395 1448 3451 privatis
1462 3393 1823 3442 confraternitatis
1839 3395 1966 3440 ubivis
1979 3389 2166 3436 faciendis
2183 3401 2197 3431 ε

1344 3466 1409 3505 ¹5·
1463 3453 1539 3498 Vei
1555 3455 1855 3513 quibuscunque
1874 3448 2195 3498 Proceiiionibus
2211 3448 2264 3492 de

1279 3511 1445 3558 licentia
1459 3513 1664 3558 ordinarii
1678 3509 1912 3571 peragendis
1928 3508 2185 3553 interfuerint
2199 3534 2212 3549 .

1343 3578 1407 3616 16.
1467 3573 1555 3615 Aut
1576 3585 1769 3630 pauperes
1786 3566 1979 3624 Hospitio
1999 3565 2266 3624 susceperint-¹

1341 3643 1404 3683 17.
1469 3630 1544 3674 Vei
1562 3630 1705 3674 Pacem
1722 3629 1829 3673 inter
1844 3626 2060 3675 mimicos,
2091 3635 2162 3670 aut
2193 3623 2275 3669 dis-

1274 3688 1445 3734 sidentes
1459 3685 1775 3743 composuerint,
1789 3685 1856 3732 seu
1872 3686 2061 3744 componi
2080 3682 2270 3732 fecerint,

1273 3748 1336 3792 rei
1357 3744 1693 3804 procuraverint.
2078 3804 2100 3845 8
2131 3803 2167 3845 V
2195 3800 2207 3843 ι
2260 3773 2261 3779 1

2055 3817 2067 3846 Ι
2104 3829 2115 3842 ο
2170 3815 2190 3843 e
