2496 4172
947 124 1406 244 0Apostolica
1432 191 1444 205 .

2031 147 2191 259 165

252 275 740 328 interponto,exaetam,
755 270 955 325 integram
967 270 1230 321 ‚absolutam‚
1290 271 1528 326 gitationem
1553 284 1683 326 prope
1707 286 1866 317 omnem
1891 279 2096 335 deponere
2107 302 2260 344 cogas„-

249 333 608 388 inviolabilemque
623 327 929 374 'observantiam
950 332 1196 375 Litterarum
1210 358 1227 380 ,

251 404 421 448 quarum
448 392 622 447 superius
648 388 875 444 exemplum
908 389 1102 432 insertum
1128 388 1181 430 est
1208 415 1224 440 ,

251 449 441 507 quodque
453 451 593 507 incipit
613 452 858 505 compertum
871 450 1197 504 exploratumque
1209 472 1225 495 ,

255 507 527 566 promiserunt
541 506 753 553 secundum
771 504 963 550 formulas
978 507 1067 548 aliis
1084 508 1123 546 in
1139 508 1226 547 Lit-

251 567 347 610 teris
365 565 580 611 Pontificiis
593 563 783 622 eaprcllaa
796 592 812 616 ,
834 578 919 619 quae
932 566 1087 621 pariter
1100 576 1226 605 enun-

253 627 370 668 ciatae
383 624 462 682 jam
478 627 563 669 sunt
577 652 591 675 ‚
603 636 766 680 quaeque
778 623 976 678 incipiunt
993 620 1223 667 Concredtta

254 683 373 728 Nobis
393 687 588 727 Dominus·
600 681 766 739 Gregir.
798 683 931 737 thue
957 681 1066 724 suum
1092 681 1222 723 Nobis

252 746 308 786 ad
321 739 582 785 Pontificatfis
612 743 764 796 apicem
794 742 940 782 evectis
959 769 974 791 ‚
1001 741 1225 793 sanataque

249 802 344 844 sedi
359 799 478 843 fidele
491 799 719 855 obsequium
735 827 749 851 ,
777 800 818 841 δι
832 797 1123 842 submiffionem
1133 812 1223 840 cer-

247 858 526 914 reprobarent
549 870 789 913 argumento
803 885 817 909 ,
847 858 896 900 ad
921 871 1057 899 manus
1075 858 1222 899 nostras

248 915 432 972 exempla
450 915 562 958 reddi
578 915 771 960 curarunt
788 915 974 958 solemnis
988 915 1224 974 jurisjuran-

249 974 320 1027 di,
333 973 443 1032 quod
462 973 601 1031 linguli
617 977 883 1029 praelliterunt
899 1003 911 1016 .

360 1033 480 1075 Hunc
496 1033 619 1090 igitur
635 1031 806 1076 fruetum
839 1047 891 1076 ex
919 1033 1106 1088 prudenti
1121 1046 1221 1075 con·

244 1091 359 1135 stanti
391 1105 464 1142 ue,
477 1103 596 1147 quam
613 1092 800 1136 hactenus
814 1091 1098 1138 recensuimus,
1115 1094 1221 1134 Prae-

246 1149 346 1194 dece
375 1162 492 1193 orum
511 1150 751 1193 Nostrorum
778 1152 926 1207 agendi
958 1153 1114 1194 ratione
1133 1153 1219 1191 No·

248 1209 309 1252 bis
320 1208 516 1265 colligere
531 1207 670 1251 datum
697 1212 782 1255 eli:
808 1221 934 1266 neque
960 1209 1033 1263 jam
1065 1209 1217 1251 temere

244 1268 429 1311 videmur
441 1269 542 1310 lianc
554 1268 690 1322 animo
704 1266 808 1319 spem
819 1264 1107 1322 concepiffe,ut
1116 1280 1215 1323 quae.

243 1339 331 1368 cum
362 1338 412 1368 ue
425 1324 543 1366 dubia
561 1325 676 1380 super
689 1328 929 1371 executione
941 1340 1077 1369 eorum
1095 1352 1109 1374 ,
1131 1338 1217 1381 qun

235 1386 292 1427 ab
304 1385 331 1425 ii
349 1383 441 1426 dem
455 1381 805 1429 Praedecelsoribus
821 1386 1044 1439 prael‘cripta
1060 1398 1213 1427 memo·

242 1441 421 1484 ravimus
436 1472 450 1494 ‚
464 1442 595 1483 adbuc
608 1442 760 1498 reliqua
775 1447 860 1487 sunt
877 1470 891 1493 ‚
923 1442 1111 1486 resolutis
1128 1471 1141 1493 ‚
1173 1452 1217 1485 ut

240 1498 345 1543 infra
358 1525 371 1548 ‚
401 1500 612 1556 proponitis
627 1502 902 1557 questionibus
914 1528 928 1550 ‚
954 1503 1112 1557 penitus
1128 1501 1214 1542 sub·

237 1569 505 1613 moveantur-3
533 1558 751 1616 omnesque
766 1564 928 1605 demum
949 1564 1052 1604 inter
1083 1559 1215 1601 sacros

240 1616 398 1662 iliarum
417 1619 643 1673 Regionum
668 1621 880 1674 operarios
898 1618 1151 1662 diffentiones
1175 1618 1215 1660 ἃ

234 1677 510 1720 controverliae
527 1676 754 1732 compotita
769 1677 1067 1729 conticescant,
1094 1687 1215 1732 atque

239 1735 475 1790 Apostolica
492 1733 724 1779 mandata&
742 1739 922 1782 Decreta
938 1767 952 1790 ‚
971 1751 1055 1795 que
1067 1764 1083 1787 ‚
1100 1735 1211 1792 gravi

239 1792 438 1851 premissi
454 1793 747 1850 ponderatione
762 1822 776 1846 ‚
803 1809 846 1839 ac
875 1796 926 1840 de
955 1795 1118 1840 contilio
1131 1796 1214 1837 Ve-

241 1851 479 1895 nerabilium
496 1854 680 1895 Fratrum
701 1855 935 1900 Nostrorum
968 1857 1006 1897 in
1025 1864 1112 1896 tota
1131 1855 1213 1896 Re-

242 1907 400 1963 publica
415 1910 636 1953 Christiana
650 1912 691 1952 in
709 1914 883 1967 negociis
902 1914 1016 1958 Fidei
1035 1914 1213 1955 Genera·

243 1966 341 2009 lium
361 1966 639 2023 inquisitorum
654 1968 880 2024 specialiter
896 1972 1185 2027 deputatorum
1199 1997 1214 2021 ‚

240 2023 494 2082 aliorumque
518 2027 712 2070 Virorum
742 2029 890 2084 pietate
922 2044 965 2072 ac
997 2030 1211 2072 doctrina-2

241 2085 508 2140 prestantium
522 2111 536 2135 ,
581 2087 721 2128 harum
749 2087 845 2131 strie
871 2089 1020 2132 edituri
1053 2085 1182 2130 sumus
1198 2116 1212 2136 ,

238 2144 325 2199 pari
340 2144 576 2187 obedientia.-
595 2144 807 2188 alacritate
837 2147 887 2187 ab
910 2146 1096 2188 omnibus
1123 2146 1211 2186 ilia·

237 2214 328 2243 rum
348 2203 523 2244 Partium
538 2204 580 2244 M
587 2201 789 2244 itlionariis
803 2204 1072 2257 excipiantur,
1084 2215 1128 2245 ae
1139 2204 1210 2246 de·

237 2258 328 2303 bite
343 2259 572 2301 executioni
588 2259 883 2302 demandentur
897 2288 908 2301 .

347 2315 549 2360 Nonnulli
578 2314 769 2373 liquidem
785 2347 799 2370 ,
823 2318 904 2374 poli
937 2332 1026 2362 uam
1040 2319 1208 2362 Litteris

235 2371 311 2416 stris
321 2371 480 2432 profeffi
496 2374 581 2416 sunt
598 2374 768 2419 servatas
792 2381 841 2418 ab
857 2376 892 2423 se
924 2376 1020 2421 ulffe
1035 2378 1205 2433 Apollo-

230 2431 332 2477 licas
353 2433 530 2478 Litteras
541 2435 791 2491 compes-turn
804 2437 1138 2492 exploratumque,
1154 2436 1209 2479 se-

231 2504 311 2548 que
331 2490 537 2535 accusatos
564 2493 723 2537 ideirco
736 2503 947 2550 perperam
970 2494 1080 2538 fuisse
1105 2506 1209 2537 tam-

174 2545 180 2552 ’
232 2555 354 2607 quam
368 2548 643 2605 refractarios3
660 2553 902 2596 affirmantes
919 2554 1178 2597 nihilominus
1195 2583 1209 2605 ‚

233 2610 275 2653 in
289 2609 478 2651 maximas
489 2637 504 2660 ,
530 2619 650 2665 atque
663 2622 862 2654 extremas
875 2613 997 2654 animi
1010 2613 1206 2667 angustias

229 2666 355 2713 seefl'e
370 2667 582 2723 eonjeaos,
595 2669 653 2711 ob
663 2669 931 2726 jurisjurandi
946 2671 1205 2727 religionem,

229 2727 282 2771 ob
296 2730 725 2772 excommunicationis
754 2729 977 2783 periculum
989 2758 1004 2780 ,
1035 2727 1207 2782 aliasque

229 2784 474 2842 gravissimas
491 2798 629 2838 poenas
641 2813 655 2836 ,
669 2788 813 2843 quibus
829 2787 1106 2831 inobedientes
1119 2817 1132 2839 ‚
1148 2788 1204 2830 le·

259 2846 323 2886 ive
348 2853 620 2899 repugnantes
652 2845 874 2888 inevitabili
906 2859 1011 2890 nexu
1033 2845 1205 2902 obligati

248 2910 319 2944 unt
334 2927 348 2950 ,
362 2911 485 2956 atque
497 2902 664 2943 obnoxii
678 2914 694 2956 3
721 2904 924 2946 communi
940 2904 1104 2949 illorum
1120 2919 1204 2948 om-

229 2960 340 3005 nium
356 2959 517 3000 nomine
533 2986 545 3007 ,
558 2959 628 3014 qui
644 2962 681 3008 in
695 2962 778 3016 pari
793 2963 1015 3007 muneris&
1030 2963 1201 3020 periculi

231 3016 424 3062 societate
440 3017 650 3061 versantur
662 3045 677 3070 ‚
692 3019 742 3061 ad
760 3019 1019 3066 sublevandas
1033 3022 1117 3066 suas
1130 3052 1143 3074 ,
1156 3032 1201 3066 ut

228 3075 341 3132 ajunt
359 3102 372 3126 ,
388 3087 574 3119 oneratas
590 3102 604 3126 ‚
635 3078 963 3137 trepidantesque
990 3081 1201 3124 conscien-

226 3135 328 3181 tias,
360 3145 480 3190 atque
512 3135 562 3177 ad
592 3135 859 3191 plurimorum
875 3139 1199 3183 Christianorum

195 3199 200 3204 '
224 3192 395 3237 salutem
410 3223 424 3244 ,
458 3194 526 3248 qui
541 3206 727 3238 recenter
742 3198 925 3241 converfi
955 3199 1200 3254 persecutio·

227 3266 321 3296 num
343 3252 529 3308 procellis
546 3251 691 3295 affidue*
703 3255 979 3299 conflictantur
993 3284 1016 3307 ‚.
1040 3257 1079 3299 in
1110 3266 1202 3299 tuto

228 3309 536 3359 collocandam,
551 3311 627 3353 tria
643 3315 663 3353 a
684 3314 812 3357 Nobis
827 3313 1059 3367 flagitarunt
1072 3342 1085 3356 .

342 3370 518 3412 Primum
534 3368 634 3412 illud
644 3369 697 3412 est
712 3399 724 3421 ,
747 3381 789 3412 ut
803 3384 926 3413 onere
940 3372 1200 3416 subleventur

227 3426 247 3480 (
265 3426 372 3480 quod
402 3428 562 3482 quidem
593 3442 697 3471 onus
729 3429 987 3485 gravissimum
1000 3457 1014 3480 ,
1044 3431 1198 3473 intole-

230 3483 474 3542 randumque
492 3487 697 3543 appellant
715 3489 735 3541 )
767 3497 829 3529 tot
848 3488 1166 3542 juramentorum
1181 3518 1197 3541 ,

228 3540 566 3601 censurarumque
579 3575 592 3596 ‚
608 3547 751 3603 quibus
769 3545 1114 3590 inextricabilibus
1129 3561 1196 3589 ve·

226 3598 301 3639 luti
320 3598 472 3654 laqueis
503 3604 643 3647 eorum
670 3604 917 3648 conscientia
937 3605 1165 3647 vinciuntur
1180 3633 1196 3656 ,

224 3657 442 3714 quibusque
457 3658 504 3702 fit
518 3689 532 3710 ‚
555 3674 598 3703 ut
615 3665 783 3719 propriae
797 3664 1024 3706 amittendae
1056 3663 1191 3706 salutis

218 3716 402 3770 periculo
416 3720 578 3774 expoliti
593 3749 607 3773 ‚
633 3722 682 3764 de
709 3722 835 3765 aliena
847 3721 1099 3779 procuranda
1122 3735 1192 3764 co-

1290 341 1357 372 tur
1375 358 1387 370 .

1404 386 1588 429 Alterum
1603 414 1617 437 ,
1641 396 1686 429 ut
1713 387 1952 443 dispensatio
1967 395 2064 439 alias
2079 403 2258 444 conaeffa

1287 447 1403 500 super
1418 444 1755 495 insufflttionum‚
1786 457 1907 503 atque
1932 449 2057 493 salivae
2074 455 2155 497 ritu
2172 484 2187 507 ‚
2220 459 2259 500 in

1284 506 1543 546 §aeramento
1569 502 1714 559 Baptis
1707 506 1820 547 matis
1849 506 2105 550 ministrando
2122 538 2136 560 ,
2167 527 2263 566 pro·

1285 573 1477 617 rogetur,
1494 563 1544 603 eo
1559 562 1621 605 vel
1641 564 1811 605 maxime
1825 589 1836 610 ,
1863 565 1969 619 quod
1986 578 2066 607 non
2083 569 2154 608 tali
2173 570 2261 623 lege

1284 621 1329 663 fit
1349 619 1576 676 hujusmodi
1591 622 1698 663 ritus
1714 622 1901 665 inductus
1914 651 1929 674 ‚
1961 624 1999 664 in
2013 638 2097 679 quo
2112 625 2262 680 dispen-

1282 678 1382 724 satio
1392 681 1526 723 locum
1545 680 1692 722 babere
1718 694 1798 722 non
1816 680 1957 735 poffit3
1982 682 2064 725 ἰιιιὸ
2084 712 2098 734 ,
2127 694 2171 726 ut
2185 698 2262 728 em,

1284 738 1531 782 concedatur
1543 736 1802 781 neceffarium
1833 741 1908 783 efle
1935 740 2070 796 ajunt,
2096 742 2146 784 ad
2163 756 2261 784 con-

1284 798 1519 840 servandam
1549 798 1930 856 prorogandamque
1972 798 2260 843 disseminatam

1285 856 1382 912 jam,
1395 870 1441 897 ac
1454 856 1636 900 diffusam
1653 857 1792 901 Fidem
1807 861 1846 900 in
1863 857 2075 902 vastiffimis
2091 860 2170 902 illis
2185 861 2265 902 Re·

1284 916 1471 973 gionibus
1499 942 1513 964 ,
1547 929 1715 970 quarum
1748 918 1896 960 lncolae
1927 917 2110 974 ingenito
2130 918 2260 961 veluti

1284 979 1454 1018 horrore
1468 1003 1482 1024 ,
1498 973 1563 1017 seu
1580 976 1712 1030 potius
1731 976 1955 1019 inveterato
1966 1002 1981 1025 ,
2003 979 2042 1019 δι
2057 978 2261 1019 communi

1283 1033 1518 1090 prejudicio
1533 1062 1546 1083 ,
1564 1034 1616 1074 ita
1637 1034 1795 1076 salivam
1811 1036 2067 1085 aversantur.
2085 1046 2129 1078 ut
2144 1037 2196 1079 de
2210 1050 2260 1079 eo

1282 1092 1500 1136 evellendo
1515 1105 1641 1147 prope
1655 1092 1733 1148 jam
1750 1092 1792 1134 fit
1808 1097 1859 1137 ab
1872 1095 1930 1137 eis
1946 1094 2198 1149 desperatum
2213 1123 2227 1137 .

1400 1152 1584 1192 Tertium
1598 1176 1612 1198 ‚
1639 1162 1684 1193 ut
1700 1163 1838 1206 aperta
1856 1181 1872 1206 ,
1902 1162 2025 1209 atque
2039 1153 2155 1209 plana
2171 1164 2258 1196 tra·

1282 1210 1406 1252 datur
1449 1210 1733 1262 interpretatio
1765 1212 1951 1267 praecepti
1993 1214 2014 1253 a
2048 1211 2261 1256 Cardinali

1279 1267 1492 1315 Turnonio
1517 1266 1770 1309 Miffionariis
1799 1268 2021 1323 gravissime
2055 1271 2218 1328 injuncti
2243 1300 2260 1322 ,

1276 1336 1397 1383 atque
1411 1327 1462 1367 ab
1477 1326 1710 1379 Apostolica
1726 1327 1832 1369 Sede
1847 1326 2075 1371 confirmati
2091 1357 2105 1380 ,
2122 1329 2257 1386 eisque

1276 1385 1473 1429 inculcari
1487 1412 1503 1435 ,
1515 1395 1559 1428 ut
1577 1384 1877 1438 abjeaiffimum
1893 1389 2103 1430 nominum
2118 1402 2263 1444 genus,

1280 1445 1403 1499 vulgo
1424 1447 1561 1485 earm
1577 1470 1591 1491 ,
1611 1444 1774 1486 minime
1788 1446 2002 1494 deserant,
2033 1444 2099 1488 sed
2124 1461 2259 1491 cum...

1276 1505 1385 1547 domi
1401 1503 1539 1556 aliquo
1552 1503 1701 1545 morbo
1726 1503 1957 1546 laborantes
1982 1504 2221 1549 detinentur
2238 1534 2253 1556 ,

1275 1576 1346 1605 cos
1363 1558 1529 1603 invisant
1543 1586 1558 1608 ,
1572 1561 1707 1616 eisque
1721 1590 1734 1611 ,
1763 1577 1857 1604 cum
1870 1577 1974 1617 opus
2006 1562 2127 1607 fuerit
2138 1592 2152 1614 ,
2182 1565 2253 1605 Sa·

1274 1630 1481 1664 eramenta
1497 1620 1719 1662 ministrent
1735 1647 1750 1670 ,
1780 1619 2046 1675 omnibusque
2075 1634 2170 1676 erga
2185 1635 2255 1664 eos

1274 1676 1486 1722 charitatis
1502 1688 1622 1734 atque
1636 1678 1793 1734 pietatis
1808 1677 1948 1721 officiis
1959 1678 2229 1735 defungantur
2241 1709 2255 1721 .

1278 1742 1403 1788 Nam,
1419 1737 1497 1779 fine
1511 1737 1645 1793 aliqua
1661 1737 1811 1793 prefati
1831 1740 1996 1780 Decreti
2010 1739 2258 1782 declaratio-

1276 1810 1323 1839 ne
1336 1822 1351 1846 ,
1369 1796 1582 1852 perniciem
1597 1796 1652 1838 eis
1666 1822 1681 1847 ,
1705 1797 1772 1852 qui
1790 1797 2030 1840 Christiane
2048 1798 2252 1854 Religioni

1273 1869 1421 1899 nomen
1447 1853 1648 1897 dederunt
1679 1882 1694 1906 ‚
1725 1857 1930 1898 imminere
1957 1855 2120 1913 prorsus
2147 1858 2255 1899 arbi-

1274 1924 1436 1956 trantur
1450 1938 1464 1959 ‚
1479 1913 1790 1970 Gentiliumque
1806 1916 1855 1957 ad
1871 1915 2011 1958 Fidem
2023 1917 2252 1958 convertio-

1274 1985 1368 2014 nem
1381 1970 1662 2024 impossibilem
1678 1975 1834 2027 penitus
1852 1974 2060 2015 evasuram
2077 2004 2088 2015 .
2111 1977 2252 2030 ltaque

1273 2029 1498 2072 eorundem
1516 2031 1727 2073 Parcarum
1742 2030 1858 2074 saluti
1873 2031 2167 2087 providendum
2177 2032 2253 2075 effe

1274 2099 1417 2131 rentur
1434 2116 1448 2138 ‚
1479 2100 1560 2130 non
1575 2088 1777 2145 adigendo
1793 2090 1933 2133 Sacros
1949 2093 2167 2145 operarios
2198 2091 2251 2135 ad

1271 2145 1580 2200 ingrediendum
1603 2161 1748 2189 eorum
1767 2150 1946 2197 Demos,
1969 2151 2079 2204 quod
2105 2149 2218 2192 certe
2235 2177 2249 2198 ,

1273 2214 1314 2246 ut
1330 2204 1501 2246 afferunt
1520 2231 1535 2254 ‚
1548 2206 1673 2247 exitio
1689 2205 1935 2250 Missionibus
1952 2207 2072 2260 foret,
2089 2208 2155 2251 sed
2171 2208 2250 2251 alia

1271 2263 1429 2305 ratione
1442 2274 1458 2315 3
1473 2272 1589 2317 atque
1603 2278 1649 2306 ea
1665 2263 1905 2318 potiffimtim
1920 2294 1935 2316 ‚
1949 2281 2069 2322 quant
2088 2265 2153 2321 ipfi
2170 2269 2249 2322 pri·

1270 2326 1339 2364 mo
1353 2320 1600 2364 induxerunt
1615 2349 1629 2371 ‚
1643 2336 1799 2380 quaque
1813 2323 1864 2364 uli
1880 2323 1966 2366 sunt
1983 2327 2067 2382 post
2082 2325 2250 2382 Aposto-

1270 2380 1368 2422 licas
1382 2379 1502 2421 etiam
1522 2380 1698 2424 Litteras
1715 2383 1986 2439 promulgatas
2003 2414 2017 2437 ,
2045 2399 2248 2442 quarum..

1268 2439 1428 2480 initium
1444 2443 1686 2495 Compi-rrum
1698 2443 2022 2500 exploratumque
2038 2473 2053 2497 ,
2077 2444 2247 2487 obtentu

1269 2496 1445 2540 verbalis
1462 2496 1667 2551 cujusdam
1680 2500 1966 2546 declarationis
1981 2530 1995 2551 ‚
2011 2518 2132 2558 quam
2149 2502 2238 2558 ipfis

1267 2555 1355 2599 suus
1368 2556 1599 2600 Miffionum
1615 2560 1861 2602 Procurator
1876 2560 2161 2617 fignificaverat
2176 2590 2186 2601 .

1387 2617 1570 2660 Rumore
1586 2619 1719 2674 itaque
1731 2618 1783 2659 ad
1802 2622 1889 2661 Nos
1901 2621 2031 2662 allato
2045 2621 2097 2663 de
2113 2619 2246 2674 hujus-

1267 2672 1376 2714 modi
1396 2675 1524 2716 vocali
1539 2676 1816 2718 declaratione
1829 2701 1841 2722 2
1856 2690 1941 2731 quae
1954 2678 2159 2721 Clementi
2177 2680 2244 2720 Pa·

1266 2744 1321 2788 pae
1336 2732 1432 2772 ΧΗ.
1454 2730 1732 2774 Praedeceffori
1749 2735 1888 2775 nostro
1901 2736 2150 2779 tribuebatur
2165 2763 2179 2787 ,
2201 2735 2242 2776 δε

1264 2788 1376 2842 cujus
1401 2789 1522 2830 etiam
1546 2790 1774 2843 exemplum
1805 2802 2186 2848 monumentumque
2201 2793 2241 2835 in

1266 2847 1377 2889 Actis
1391 2874 1406 2896 ,
1426 2850 1466 2890 &
1481 2848 1699 2890 Tabulario
1714 2852 1863 2892 Sanctae
1881 2852 2149 2907 inquisitionis
2171 2864 2242 2893 re·

1267 2907 1394 2949 latum
1428 2905 1535 2950 fuisse
1565 2918 1685 2962 atque
1713 2909 1967 2952 reconditum
1999 2908 2203 2953 ferebatur
2225 2936 2239 2958 ,

1262 2964 1490 3020 exemplum
1510 2976 1869 3010 monumentumve
1901 2967 2126 3025 hujusmodi
2141 2969 2240 3011 dili·

1262 3023 1480 3081 gentiffime
1494 3026 1646 3079 exquiri
1673 3025 1947 3070 mandavimus
1961 3057 1974 3070 .
2006 3032 2235 3082 Cumque,

1262 3083 1362 3126 illud
1378 3079 1564 3138 nusquam
1590 3084 1804 3126 inventum
1817 3084 1863 3128 fit
1877 3112 1892 3135 ‚
1924 3085 2045 3142 longi
2061 3086 2156 3130 licet
2174 3096 2233 3127 at-

1260 3155 1338 3199 que
1352 3141 1586 3185 exastiffima
1604 3143 1792 3198 indagine
1809 3145 2092 3202 investigatum
2108 3157 2123 3198 ;
2139 3158 2235 3186 cum

1259 3201 1381 3243 etiam
1411 3200 1643 3244 Administri
1669 3229 1681 3251 ‚
1711 3217 1882 3258 quorum
1908 3204 2094 3249 custodia:
2121 3217 2234 3246 man-

1260 3258 1440 3303 dandum
1454 3255 1598 3310 riserat,
1613 3275 1659 3303 ea
1676 3261 1726 3303 de
1742 3276 1784 3303 re
1802 3276 1871 3317 per
1886 3260 2158 3319 Nosmetipsos
2177 3263 2235 3301 in‘

1260 3320 1456 3371 terrogati
1471 3318 1596 3369 ,nibil
1613 3318 1834 3373 hujusmodi
1852 3320 1926 3362 ise
1948 3319 2094 3372 visum,
2127 3320 2226 3361 nihil

1261 3377 1441 3419 auditum
1457 3375 1567 3420 fuilse
1579 3404 1593 3427 ‚
1619 3380 1870 3433 &nunquam
1897 3379 1945 3420 ad
1962 3378 1998 3419 se
2012 3375 2229 3435 pervenilse

1261 3434 1487 3490 praedie'tam
1503 3436 1824 3479 declarationem
1838 3464 1853 3485 ,
1880 3447 2172 3493 proptereaque
2187 3438 2228 3478 &

1255 3494 1295 3534 in
1313 3494 1445 3542 Actis,
1469 3496 1509 3535 &
1531 3494 1566 3535 in
1585 3495 1768 3536 Archivo
1793 3493 2009 3536 desiderari
2040 3495 2226 3539 constan-

1255 3560 1319 3594 ter
1331 3579 1347 3604 ,
1372 3551 1655 3593 &indubitate
1669 3551 1954 3594 affirmaverint
1971 3567 1983 3596 :
2007 3567 2099 3596 cum
2113 3553 2229 3596 deni·

1253 3624 1329 3665 que
1345 3608 1410 3664 ipsi
1421 3623 1454 3651 is
1472 3610 1605 3650 Nostri
1624 3607 1922 3653 Praedecefforis
1937 3625 1984 3654 ea
1999 3612 2051 3654 de
2064 3625 2107 3654 re
2119 3627 2223 3655 men-

1251 3677 1334 3709 tem
1348 3693 1362 3715 ,
1391 3677 1510 3721 atque
1537 3666 1776 3710 sententiam
1808 3669 1846 3709 in
1875 3670 2118 3725 Apostolicis
2139 3673 2221 3725 ejus

1252 3725 1420 3769 Litteris
1446 3726 1558 3780 supra
1590 3726 1727 3768 relatis
1757 3726 1847 3769 luce
1879 3727 1957 3784 ipsa
1977 3730 2122 3772 clarius
2139 3743 2210 3772 ex-

2053 3788 2160 3845 pres-
