2496 4172
353 178 527 262 394

374 302 707 370 supplementum
722 306 897 374 ejusdem
914 306 1155 360 Provincia·
1168 347 1182 361 .

291 449 513 495 Veterem
542 445 793 497 Ecclesiam
823 450 1134 500 Parochialem
1176 453 1269 502 loci

360 516 515 570 §lanii
562 534 670 567 cum
706 521 889 568 annexis
916 520 1149 571 Fratribus
1184 540 1269 588 pro

357 584 655 637 construenda
713 589 777 638 ibi
830 594 990 639 Domo
1042 593 1267 660 Regulari

357 657 548 707 concedi
565 660 826 708 committit
839 693 855 709 .

289 776 790 831 GREGORIUS
825 779 1271 834 EPISCOPUS

486 891 662 933 Scavus
692 893 950 935 snvoaun
982 896 1066 936 Det

290 1003 446 1050 Dilefi'o
459 1005 577 1055 Filio,
596 1004 766 1056 mario,
784 1007 1011 1050 Venerabilis
1022 1012 1181 1052 Fratris
1193 1013 1272 1053 No-

339 1063 418 1118 stri
447 1064 624 1121 Episcopi
639 1066 883 1111 Dertoneah's
893 1093 909 1116 ‚
933 1066 1211 1124 inspirituali.

401 1123 471 1166 bas
476 1121 842 1180 generalisaluteas
854 1155 871 1178 ‚
897 1126 947 1174 (9·
962 1126 1151 1186 Apostoli-

556 1196 642 1226 un
658 1183 964 1228 Beneffiffimem
977 1214 991 1227 .

283 1300 389 1419 C
402 1302 482 1345 Um
505 1300 558 1343 ad
589 1302 733 1347 uberes
744 1302 894 1349 fructus
909 1307 926 1357 ᾧ
954 1319 1057 1363 quos
1070 1305 1206 1349 dilecti
1221 1304 1268 1348 fi·

418 1359 462 1401 lii
474 1384 490 1407 ‚
511 1362 674 1405 Fratres
686 1364 899 1420 Capacini,
913 1365 952 1407 in
964 1379 1064 1422 agro
1080 1365 1268 1408 Domini-

282 1433 334 1461 co
343 1416 529 1475 quotidie
550 1420 592 1462 in
605 1429 702 1464 toto
713 1424 814 1467 orbe
826 1432 1035 1468 terrarum
1058 1425 1111 1468 ob
1125 1438 1270 1469 eorum

282 1476 583 1519 sanctimoniam
596 1480 808 1535 proferunt
819 1511 837 1533 ,
863 1482 967 1527 adeo
979 1493 1027 1527 ut
1040 1498 1183 1528 eorum
1196 1483 1269 1527 bo-

281 1549 341 1578 nae
365 1533 480 1578 same
490 1535 598 1580 odor
611 1538 665 1581 ita
676 1538 835 1584 diffusus
851 1540 896 1583 fit
912 1567 928 1591 ‚
958 1552 1004 1585 ut
1019 1542 1271 1598 quampluri·

280 1594 642 1639 michriffifidele·
663 1611 807 1642 eorum
830 1601 906 1656 piis
931 1602 1118 1655 operibus
1132 1601 1267 1650 moti,

282 1663 446 1696 terrena
459 1655 500 1697 in
511 1654 675 1700 coelem
689 1657 798 1701 selici
825 1660 1076 1704 commercio
1089 1674 1271 1703 commu.

282 1722 372 1756 tare
385 1711 732 1768 desiderantesssis
742 1717 976 1761 Conventus
989 1717 1028 1758 δι
1043 1718 1135 1760 loca
1149 1733 1268 1774 regu-

284 1770 384 1813 laria
396 1769 590 1826 affignent
603 1802 620 1825 ,
649 1776 833 1831 quinimo
845 1774 1101 1830 quamplures
1125 1776 1147 1817 i
1168 1791 1270 1820 vcra

284 1829 422 1872 salutis
449 1832 512 1872 via
526 1832 762 1874 aberrantes
790 1846 933 1875 eorum
959 1833 1067 1876 bono
1083 1834 1271 1890 exemplo

281 1886 467 1931 adificati
488 1888 636 1931 relictis
650 1890 727 1932 suis
740 1892 948 1934 erroribus
972 1890 1023 1934 ad
1037 1895 1187 1935 reetam
1200 1905 1271 1935 vc·

281 1946 414 1988 ritatis
428 1947 530 1988 viam
544 1947 680 2007 redire
697 1948 874 2005 satagant
887 1977 904 1999 ‚
927 1949 1091 1993 attenti:
1108 1951 1271 2009 respici-

282 2017 373 2047 mus
388 2031 404 2056 ‚
429 2004 595 2060 dignum
608 2034 623 2058 ‚
646 2008 742 2063 quin
758 2008 892 2063 potius
906 2009 1094 2054 debitum
1107 2040 1123 2064 ‚
1153 2025 1271 2067 repu-

282 2072 413 2106 tamus
426 2091 442 2115 ,
469 2075 531 2116 ut,
545 2078 632 2119 quae
643 2066 695 2108 ad
710 2081 856 2111 eorum
869 2069 1089 2112 domorum
1108 2070 1272 2127 regula-

280 2123 385 2165 rium
398 2124 728 2181 propagationem
740 2125 975 2180 conferunt,
983 2126 1158 2174 libenter
1170 2144 1270 2174 con·

280 2179 472 2225 cedamus
499 2210 516 2234 ‚
556 2181 731 2240 aliisque
768 2186 939 2243 desuper
977 2186 1232 2245 disponamus
1252 2216 1268 2239 ‚

282 2250 403 2343 prodiit:
416 2241 684 2299 conspicimus
714 2244 755 2287 in
767 2245 949 2290 Domino
961 2244 1172 2292 salubriter
1195 2261 1268 2292 ex·

282 2310 333 2356 μ
395 2312 419 2342 e
430 2329 444 2343 Ο

382 2359 589 2426 ‘exhibita
602 2361 794 2419 liquidem
809 2364 925 2409 nobis
938 2380 1066 2424 nuper
1077 2380 1154 2424 pro
1172 2381 1265 2422 par·

282 2426 325 2460 te
348 2416 486 2461 dilecti
501 2419 592 2463 Filii
606 2449 622 2473 ,
646 2422 833 2465 moderni
857 2425 1070 2470 Generalis
1093 2425 1264 2470 Ordinis

279 2476 470 2519 Fratrum
483 2479 788 2535 Capucinorum
813 2494 1137 2541 nuncupatorum
1165 2486 1264 2528 San-

277 2534 330 2576 ei
359 2535 554 2579 Francisei
570 2565 586 2587 ,
627 2539 780 2592 petitio
806 2542 1043 2587 continebat
1056 2571 1074 2594 ‚
1118 2545 1226 2599 quod
1248 2573 1264 2598 ‚

281 2605 376 2635 cum
402 2596 425 2636 a
454 2595 591 2649 paucis
618 2598 731 2640 annis
747 2599 849 2642 citra
862 2625 878 2649 ‚
905 2600 1010 2645 intri
1035 2602 1265 2649 ambitum..

279 2650 578 2703 TerraVaaii,
591 2657 844 2700 Dertonenfis
858 2658 1145 2716 Dioeeerro
1158 2661 1267 2706 illius

280 2711 420 2767 populi
437 2713 728 2759 commoditate
740 2729 850 2760 nova
865 2718 1108 2764 Parochialis
1122 2720 1267 2766 Eccle-

281 2768 335 2811 {ia
357 2771 580 2814 constructa
609 2771 730 2818 fiierit
745 2802 761 2827 ‚
786 2775 826 2818 in
850 2790 977 2835 eaque
1001 2778 1078 2836 jam
1104 2779 1265 2837 pridem

279 2824 400 2872 Miffae
425 2829 649 2885 celebrari,
678 2835 717 2876 δι
743 2847 882 2880 omnes
897 2838 1145 2893 parochiales
1172 2837 1264 2883 sun·

281 2887 434 2931 diones
449 2887 535 2933 fieri
551 2889 707 2935 soleant
722 2921 739 2944 ‚
754 2894 805 2936 ab
818 2908 871 2939 eo
884 2899 983 2943 vero
996 2908 1183 2955 tempore
1198 2911 1266 2942 ve·

284 2954 350 2988 tus
363 2949 602 3003 parochialis
618 2951 796 2995 Eeclcfia
810 2981 827 3006 ‚
858 2955 1267 3015 archipresbyteratus

282 3017 511 3060 nuncupata
521 3033 536 3056 ‚
567 3011 701 3053 sancii
715 3012 909 3058 Germani
925 3017 1053 3074 prope
1066 3018 1107 3061 dt
1117 3025 1266 3062 extra-0

282 3065 432 3107 moenia
446 3064 561 3110 diae
577 3076 690 3111 terrae
705 3067 774 3114 fita
788 3098 803 3123 ‚
827 3072 877 3115 ad
894 3089 1014 3131 quam
1042 3075 1123 3133 ipsc
1138 3088 1268 3132 popu·

278 3122 344 3166 lus
355 3122 407 3167 ad
421 3127 543 3168 Sacra
556 3126 755 3172 audienda
765 3157 781 3181 ,
801 3131 840 3173 δι
853 3134 1114 3179 Sacramenta
1127 3134 1264 3179 Eccle-

280 3180 427 3250 fialliea
454 3184 710 3241 percipienda
734 3201 815 3231 non
829 3188 919 3235 satis
931 3193 1149 3238 commode
1163 3207 1265 3239 con·

281 3242 469 3285 veniebat
483 3270 498 3294 ,
520 3245 629 3288 omni
654 3247 857 3292 exercitio
881 3265 987 3296 cur·
1014 3254 1237 3298 animarum
1249 3278 1265 3304 ‚

280 3300 322 3343 ἅ
343 3300 462 3345 cultu
477 3301 619 3345 divino
630 3304 816 3350 destituta
828 3333 843 3356 ‚
870 3323 916 3353 ac
931 3311 1092 3366 prorsus
1112 3309 1267 3356 dereli-

283 3362 346 3427 cta
363 3359 614 3429 remanserit,
626 3364 667 3407 ds
679 3363 731 3407 dc
744 3364 922 3422 prestun
936 3370 1007 3414 illa
1019 3398 1034 3425 ,
1047 3371 1086 3414 dt
1098 3367 1266 3414 edificia

282 3430 520 3475 cicontigua
547 3436 596 3466 ex
610 3420 774 3468 deseflu
789 3427 1012 3473 aeeeffnia
1040 3430 1264 3484 reparatio-

283 3478 341 3518 nis
367 3479 405 3520 in
420 3482 575 3525 ruinam
589 3482 845 3529 collabantur
860 3516 874 3538 ,
901 3501 952 3531 nc
982 3501 1030 3533 ue
1044 3486 1124 3545 ipsc
1140 3502 1267 3545 popu·

284 3535 341 3576 ius
357 3562 372 3585 ‚
397 3550 525 3593 neque
554 3541 789 3587 earumdem
823 3501 1091 3590 ize-:legatum
1118 3549 1267 3594 nector

286 3594 450 3636 modum
475 3599 511 3639 δι
541 3598 772 3646 facultatem
803 3602 914 3647 illam
945 3605 1155 3661 reparandi
1183 3635 1198 3660 ,
1227 3608 1269 3649 de

291 3660 499 3707 utramque
536 3658 743 3703 eccleliam
775 3662 996 3716 hujusmodi
1034 3666 1072 3708 in
1101 3665 1266 3710 decenti

287 3707 383 3748 flatu
412 3710 674 3776 conservandi
693 3721 729 3762 s:
749 3724 1033 3767 manutenendi
1059 3726 1232 3768 babeant
1250 3753 1265 3777 ,

286 3768 553 3826 expediatque
574 3786 749 3821 veterem
765 3779 975 3825 ccelcfiam
1006 3784 1264 3841 praeficiam„

1024 156 1542 243 Monumenta

1332 307 1489 351 cuidam
1504 301 1743 358 Religioni,
1773 300 1824 343 ad
1853 300 2036 344 effectum
2059 300 2185 358 prope
2205 301 2321 344 illam

1332 363 1621 408 Monastcrium
1663 361 1728 402 seu
1760 363 1937 402 Domum
1969 361 2199 416 regularem
2244 373 2322 403 ex-

1331 422 1493 468 truendi
1507 420 1748 466 concedere.
1762 420 1944 475 Ideoque
1960 417 2145 472 praefatus
2160 422 2318 462 Reetor

1329 482 1487 525 attente
1512 479 1780 528 confidemus,
1796 479 1992 521 Ordinem
2019 475 2142 532 ipsum
2168 476 2317 519 adhoc

1328 540 1510 597 apprime
1518 539 1710 583 idoneum
1724 537 1811 580 fore
1824 535 2063 593 judicaverit
2074 560 2090 584 ‚
2105 536 2145 577 &
2155 548 2247 577 cum
2257 535 2321 577 di.

1330 601 1441 644 leffis
1456 599 1547 642 filiis
1571 598 1680 643 illius
1697 596 1980 653 Superioribus
1995 593 2143 651 pluries
2157 593 2290 648 egerit
2307 618 2323 641 ,

1333 661 1371 703 &
1389 658 1652 712 tractaverim
1684 656 1831 713 ipsique
1847 655 2084 710 Superiores
2109 653 2160 695 de
2182 651 2324 695 dieta..-

1334 727 1442 760 tcrra
1453 745 1470 769 ‚
1484 719 1525 759 δι
1541 716 1616 759 fitu
1629 714 1805 761 ecclefiae
1821 715 1970 757 veteris
1983 742 2001 764 ,
2026 711 2207 768 illiusque
2222 723 2325 752 con·

1335 776 1545 829 tignorum
1557 774 1816 817 edificiorum
1833 772 2059 830 hujusmodi
2074 770 2231 827 optime
2261 769 2326 812 in-

1333 831 1526 884 formati,
1550 834 1579 874 fi
1591 832 1661 875 fibi
1675 832 1954 876 concedantur
1967 857 1982 881 2
1996 831 2048 874 ad
2072 828 2259 873 effectum
2276 827 2318 870 in

1333 890 1390 932 eis
1405 904 1527 932 unam
1540 893 1716 932 Domum
1731 891 1955 946 regularem
1972 888 2142 944 ejusdem
2156 886 2320 931 Ordinis

1330 949 1445 1006 juxta
1474 947 1686 991 facultates
1706 948 1816 990 illius
1831 949 2022 992 Generali
2038 962 2112 1004 pro
2136 957 2321 1002 tempore

1330 1007 1509 1050 existenti
1535 1005 1557 1046 ἰ
1570 1006 1674 1048 Sede
1685 1007 1903 1062 apostolica
1916 1007 2115 1051 concessas
2130 1004 2318 1062 erigendi

1330 1068 1369 1108 &
1383 1063 1632 1114 instituendi,
1644 1075 1857 1119 acceptare
1871 1067 2205 1110 deliberaverunt
2218 1094 2231 1107 .

1446 1125 1587 1180 Quare
1601 1136 1679 1178 pro
1692 1131 1810 1178 parte
1825 1124 1921 1165 dieti
1936 1125 2120 1167 moderni
2133 1126 2320 1166 Genera-

1329 1184 1398 1236 lis,
1415 1181 1615 1226 affercntis
1630 1180 1924 1224 conceffioncm
1938 1181 2122 1225 eamdem
2136 1181 2176 1222 in
2191 1182 2320 1224 divini

1330 1242 1464 1286 cultiis
1496 1243 1535 1284 in
1553 1239 1738 1297 praedie'ta
1767 1239 1937 1284 ecclelia
1964 1248 2224 1296 augmentum
2239 1264 2255 1288 2
2281 1241 2324 1282 δι

1329 1303 1446 1346 δὶὲἱε
1474 1311 1593 1345 terrae
1608 1309 1890 1346 ornamentum
1902 1328 1918 1352 ‚
1948 1299 2059 1342 illius
2081 1298 2220 1357 populi
2248 1298 2327 1340 hu-

1326 1361 1499 1418 jusmodi
1529 1358 1738 1415 spirituale
1767 1358 2028 1403 commodum
2052 1357 2245 1403 ceffuram
2257 1353 2322 1398 es-
2349 1414 2351 1416 Ι

1328 1419 1383 1473 se,
1397 1421 1527 1465 Nobis
1542 1417 1617 1462 fuit
1634 1419 1842 1464 humiliter
1854 1419 2121 1475 supplicatum
2135 1446 2151 1472 ,
2172 1426 2322 1473 quate·

1331 1495 1405 1523 nus
1436 1480 1513 1536 piis
1536 1477 1621 1532 ejus
1644 1479 1750 1522 votis
1782 1478 2009 1536 hujusmodi
2034 1490 2214 1521 annuere
2227 1501 2242 1525 2
2269 1488 2317 1517 ac

1330 1540 1428 1582 aliis
1457 1540 1500 1582 in
1527 1537 1726 1594 proemiffis
1754 1537 1988 1595 opportune
2017 1538 2238 1594 providere
2265 1532 2319 1576 de

1330 1598 1583 1654 benignitate
1594 1597 1811 1655 apostolica
1826 1598 2089 1654 dignaremur
2102 1626 2116 1642 .

1403 1661 1492 1701 Nos
1505 1657 1627 1713 igitur
1640 1683 1656 1707 ‚
1681 1656 1750 1713 qui
1764 1657 1890 1700 divini
1905 1653 2037 1699 cultus
2050 1658 2316 1711 augmentum

1329 1719 1370 1760 δι
1380 1716 1583 1773 religionis
1595 1716 1923 1772 propagationem
1936 1728 2029 1758 cum
2042 1714 2182 1771 populi
2195 1712 2319 1755 devo-

1332 1778 1444 1818 tion'e
1461 1775 1622 1818 finceris
1642 1785 1880 1830 exoptamus
1896 1772 2098 1817 affeffibus
2112 1799 2127 1823 ‚
2159 1770 2322 1815 moder·

1332 1847 1430 1875 num
1444 1834 1695 1876 Gener-alem
1706 1860 1722 1883 ‚
1733 1834 1774 1875 δι
1790 1834 2005 1876 Rectorem
2022 1831 2230 1888 predictos
2244 1856 2260 1881 ,
2279 1828 2321 1872 δι

1330 1905 1475 1935 eorum
1490 1891 1747 1948 quemlibet,
1765 1891 1787 1932 a
1805 1889 2011 1946 quibusvis
2038 1886 2317 1932 excommuni-

1331 1951 1499 1994 cationis
1513 1979 1529 2002 ,
1553 1953 1627 1993 &c.
1651 1949 1904 1993 absolventes
1919 1950 1959 1991 8ι
1972 1946 2197 1991 absolutum
2225 1945 2317 1987 fore

1330 2009 1538 2053 censentes
1551 2039 1567 2062 ,
1590 2007 1818 2066 hujusmodi
1833 2006 2188 2064 supplicationibus
2201 2004 2322 2046 incli-

1329 2069 1443 2122 nati,
1467 2067 1822 2113 DiscretioniTue
1843 2080 1919 2125 per
1932 2065 2148 2124 apostolica
2172 2064 2319 2119 scripta

1329 2127 1565 2173 mandamus
1578 2155 1594 2179 s
1624 2137 1821 2184 quatenus
1852 2127 2008 2173 vocatis
2022 2153 2037 2178 ,
2069 2125 2138 2182 qui
2167 2123 2319 2167 fuerint

1327 2186 1812 2241 evocandi,constitoTibi
1829 2186 1942 2244 prius
1957 2183 2138 2242 legitime
2154 2182 2205 2227 dc
2220 2194 2317 2249 prie-

1326 2246 1476 2298 millis,
1503 2262 1549 2292 ac
1566 2246 1722 2292 servata
1747 2245 1882 2290 forma
1898 2242 2201 2289 constitutionis
2225 2239 2319 2284 seli-

1325 2308 1385 2350 cis
1412 2308 1621 2352 recordat.
1641 2306 1872 2352 Clementis
1896 2306 2008 2360 Papae
2021 2304 2142 2346 vin.
2167 2298 2319 2357 prude-

1322 2363 1488 2408 cefforis
1502 2366 1624 2408 nostri
1637 2393 1653 2417 ‚
1676 2366 1716 2407 δι
1730 2363 1992 2406 decretorum
2007 2357 2315 2404 Venerabilium

1326 2427 1515 2468 Fratrum
1528 2423 1763 2467 nostrorum
1785 2422 1936 2466 Sancta
1951 2420 2144 2462 Romane
2163 2414 2316 2460 Eccle-

1325 2486 1383 2527 fle
1399 2482 1681 2527 Cardinalium
1695 2510 1710 2534 ,
1737 2478 1910 2537 negotiis
1926 2476 2188 2534 Regularium
2217 2488 2316 2529 proe-

1326 2542 1562 2600 positorum,
1578 2542 1694 2597 super
1708 2553 1810 2582 nova
1826 2541 2053 2580 Domorum
2066 2533 2315 2589 regularium

1325 2600 1530 2646 erectione
1544 2599 1766 2651 editorum,
1782 2597 1926 2641 dietam
1943 2604 2123 2638 veterem
2137 2589 2316 2636 Ecclefiii

1326 2674 1419 2705 cum
1434 2658 1620 2702 omnibus
1635 2684 1650 2708 ‚
1667 2659 1707 2701 δι
1722 2655 1880 2713 lingulis
1897 2654 2016 2699 rebus
2029 2653 2071 2698 in
2084 2665 2132 2695 ca
2144 2649 2199 2719 de
2214 2662 2316 2719 pra-3

1326 2719 1427 2764 senti
1440 2717 1790 2767 existentibusmec
1802 2727 1885 2759 nun
1898 2711 2067 2771 edificiis
2086 2708 2316 2767 hujusmodi

1326 2792 1444 2823 unam
1460 2779 1636 2822 Domum
1652 2774 1840 2833 regular!
1854 2787 1983 2830 prope
2002 2773 2043 2815 δι
2067 2770 2224 2814 circum
2239 2768 2316 2813 cir-

1326 2852 1374 2882 ca
1390 2836 1494 2893 iuxta
1512 2836 1746 2880 facultatem
1772 2833 1882 2877 disto
1896 2829 2089 2877 Generali
2115 2842 2193 2886 pro
2206 2836 2314 2871 tcm-

1326 2911 1427 2955 pore
1439 2896 1622 2941 existenti
1633 2922 1647 2947 ¹
1679 2905 1723 2939 ut
1736 2890 1950 2951 prefertur
1961 2918 1978 2945 ‚
1999 2884 2222 2936 conceffam
2234 2886 2316 2930 eri·

1326 2956 1445 3014 gendi
1459 2985 1475 3008 ,
1497 2957 1538 2999 δι
1554 2952 1789 2999 instituendl
1803 2981 1819 3004 ‚
1844 2953 1899 2995 ita
1912 2948 2024 3008 quod
2040 2948 2316 3014 liceanGene-

1327 3016 1463 3067 rali,&
1478 3014 1567 3059 aliis
1580 3011 1864 3070 Superioribus
1878 3008 2128 3054 &Fratribus
2142 3003 2314 3062 ejusdem

1326 3073 1496 3118 Ordinis
1515 3071 1787 3129 corporalem,
1805 3069 1957 3114 realem
1970 3070 2011 3112 δι
2024 3065 2220 3111 actualem
2245 3076 2316 3108 ve·

1326 3133 1421 3177 teris
1437 3132 1651 3182 Ecclesiae,
1675 3144 1723 3175 ac
1745 3126 2032 3178 edificiorum,
2056 3126 2098 3170 dt
2123 3120 2216 3168 fitlls
2241 3122 2316 3168 hu·

1325 3189 1498 3248 jusmodi
1514 3188 1786 3249 polsellionem
1804 3202 1877 3246 per
1891 3186 1931 3232 se
1945 3214 1961 3242 ,
1987 3184 2191 3255 vebalium
2205 3210 2229 3251 ,ι
2249 3178 2315 3226 stu

1326 3250 1598 3303 alloa‚eorum
1615 3277 1630 3303 ‚
1658 3250 1699 3293 δι
1723 3247 1898 3306 ejusdcm
1925 3246 2092 3290 Ordinis
2121 3253 2283 3287 nomine
2298 3267 2316 3293 ,

1326 3309 1968 3413 3:353322Y013‘5352223'1‘12220
1983 3319 2041 3409 2¹2
2065 3299 2316 3428 23:235?ss

1328 3428 1454 3472 terius
1471 3398 1636 3472 licen’tii
1656 3427 1824 3483 desuper
1839 3393 2002 3469 minime
2017 3415 2206 3477 requilitfl
2223 3444 2238 3469 2
2251 3429 2317 3460 Ν·

1327 3486 1514 3532 ctoritate
1543 3486 1675 3531 nostra
1706 3482 1901 3544 perpetui·
1927 3478 2128 3528 concedas
2154 3478 2194 3520 δι
2224 3474 2312 3518 assi-

1329 3558 1426 3602 gnes
1441 3575 1453 3589 .
1485 3545 1535 3589 Et
1550 3545 1809 3590 nibilominus
1822 3570 1837 3596 ,
1851 3541 1876 3587 fi
1889 3537 2085 3585 concessio
2099 3537 2138 3579 &
2152 3535 2314 3592 assigna-

1328 3605 1386 3648 tio
1402 3604 1628 3661 hujusmodi
1653 3617 1721 3661 per
1736 3604 1798 3647 Te
1838 3597 2056 3645 resentium
2073 3596 2216 3653 vigore
2241 3591 2317 3662 iic·

1328 3665 1631 3721 ricontigerit,
1655 3670 1699 3706 ut
1713 3674 1790 3718 proe
1810 3668 1951 3710 ertur,
1977 3656 2015 3700 in
2032 3653 2104 3699 sitii
2128 3657 2169 3698 δι
2193 3651 2314 3720 “¹¹⁵3

1325 3724 1397 3766 ciis
1412 3723 1604 3779 prndit‘iis
1630 3732 1751 3765 unam
1770 3722 1944 3764 Domum
1960 3714 2189 3774 regularem
2218 3712 2313 3755 dieii

1324 3781 1491 3827 Ordinis
1516 3811 1534 3835 ,
1569 3793 1621 3826 ex
1648 3791 1783 3831 nunc,
1810 3786 1930 3835 prout
1955 3789 2004 3821 ex
2034 3785 2159 3826 tunc,
2188 3770 2253 3816 vel
2286 3769 2310 3813 ὲ

2155 3844 2256 3875 con·
