2496 4172
994 147 1430 264 Apostolica
1449 195 1475 228 -.

265 304 371 341 nunc
395 294 434 334 δι
460 305 535 347 pro
550 297 739 349 tempore
754 290 1055 344 describendis,
1084 291 1238 348 quam-2

262 349 344 407 jam
370 350 581 407 descriptis
605 352 646 394 in
675 351 791 396 dietis
805 350 1243 402 confraternitatibus,

260 410 341 453 sive
375 411 674 464 societatibus,
705 414 784 455 five
816 412 1244 468 congregationibus,

262 468 551 515 Confratribus
578 469 932 516 &consororibus
962 471 1001 513 in
1032 469 1244 526 cujuscun-

264 542 344 585 que
355 542 496 573 eorum
513 530 654 574 mortis
675 529 882 578 articulo,
912 529 938 572 fi
970 530 1119 585 pariter
1151 527 1248 573 ver‘e

263 590 489 646 penitentes
501 590 541 632 δι
557 587 736 640 confeffi,
751 601 796 630 ac
812 589 932 631 Sacra
945 588 1249 633 Communione

267 647 400 692 refecti
415 674 429 699 ,
446 647 525 699 vel,
541 658 732 703 quatenus
753 647 794 689 id
811 644 948 692 facere
962 648 1218 702 nequiverint
1234 673 1248 695 ,

265 707 406 750 saltem
431 707 623 754 contriti,
649 719 793 748 nomen
821 703 909 762 Jesu
939 720 985 749 ac
1016 705 1246 752 Beatissimae

271 766 450 823 Virginis
466 765 603 808 Maria
614 777 687 807 ore
701 791 715 815 ,
729 763 753 807 fi
766 766 975 821 potuerint
991 794 1005 819 ,
1023 765 1077 808 fin
1093 777 1247 817 autem,

264 826 394 870 corde
420 824 570 866 devote
597 824 879 869 invocaverint
905 850 920 874 ,
950 826 1071 869 etiam
1104 825 1246 882 plena·

266 885 395 936 riam;
421 895 573 925 necnon
588 879 736 926 eisdem
753 880 1040 927 Confratribus
1070 885 1111 926 δι
1130 889 1245 927 Con-

263 944 467 987 sororibus
481 969 495 994 ,
525 940 594 999 qui
611 941 650 983 in
667 943 880 986 Dominica
892 941 1141 988 Sanetiffimoe
1155 941 1246 984 Tri-

264 1003 428 1059 nitatis,
458 1000 499 1044 &
517 1000 557 1043 in
570 1000 713 1050 diebus
730 1003 1027 1057 conceptionis
1043 1027 1058 1050 2
1085 1000 1245 1045 Nativi-

264 1063 390 1114 tstis,
417 1059 772 1111 Annuntiationis,
799 1059 1095 1104 Purificationis
1119 1062 1159 1103 δι
1175 1058 1246 1104 ΑΓ-

263 1117 500 1176 sumptionis
525 1117 703 1174 ejusdem
729 1121 772 1162 B.
790 1121 923 1162 Mariae
952 1120 1128 1177 Virginis
1160 1147 1175 1171 ,
1205 1120 1244 1161 in

265 1177 544 1228 Dedicationis
575 1182 616 1221 S.
646 1179 859 1220 Michaelis
889 1178 1172 1237 Archangeli,
1204 1179 1245 1222 δι

261 1238 299 1281 S.
320 1234 515 1282 Francisci
528 1237 579 1280 de
597 1234 732 1279 Affifio
746 1238 1141 1288 protectorumaere
1155 1251 1245 1292 poe-

265 1298 441 1354 nitentes
454 1296 496 1339 δι
509 1293 673 1338 confeffi
684 1296 968 1344 Sanetissimum
987 1295 1244 1342 Eucharistiae

262 1356 571 1400 Sacramentum
599 1353 859 1411 sumpserint,
883 1357 920 1400 &
950 1355 1003 1400 ibi
1027 1369 1102 1410 pro
1125 1354 1247 1397 chri-

263 1412 479 1462 stianorum
499 1413 734 1470 Principum
768 1415 992 1461 concordia
1005 1414 1082 1456 διε.
1103 1413 1242 1471 plena·

262 1474 358 1518 riam
379 1470 560 1514 (imiliter
586 1473 767 1516 omnium
790 1484 1052 1528 peccatorum
1081 1474 1245 1518 suorum

260 1530 555 1586 indulgentiam
584 1532 624 1576 δι
639 1531 905 1577 remiffionem
922 1530 1243 1576 misericorditer

212 1619 218 1625 ι
263 1592 302 1635 in
318 1589 496 1632 Domino
507 1592 765 1637 concedimus
778 1619 790 1632 .
808 1593 964 1647 insuper
979 1590 1118 1633 iisdem
1134 1592 1245 1631 con·

259 1647 450 1694 fratribus
479 1649 520 1692 &
542 1647 844 1693 consororibus
866 1675 880 1698 ,
903 1649 968 1707 qui
999 1645 1244 1692 Proceffioni

258 1705 500 1763 pei-casdem
526 1705 894 1753 confraternitates
911 1735 927 1760 ,
958 1708 1038 1750 five
1067 1707 1244 1750 societa-

258 1775 319 1813 tes
333 1795 348 1816 ,
363 1764 441 1807 five
457 1766 804 1821 congregationes
832 1767 871 1808 in
887 1765 954 1808 die
969 1765 1066 1809 sesto
1080 1769 1246 1808 conce·

262 1824 414 1883 ptionis
431 1822 609 1877 ejusdem
634 1824 677 1869 Β.
694 1826 828 1870 Mariae
847 1825 1027 1884 Virginis
1040 1854 1053 1878 ,
1080 1823 1246 1880 fingulis

262 1884 373 1929 annis
390 1880 475 1927 fieri
506 1879 626 1927 solita:
636 1883 924 1934 interfuerint,
947 1894 1028 1930 tres
1052 1896 1178 1927 annos
1205 1883 1247 1926 δι

261 1944 436 1991 totidem
450 1939 749 1998 quadragenas,
776 1956 933 1986 necnon
946 1968 960 1990 ,
976 1945 1041 1998 qui
1056 1945 1248 1996 Congre-

263 1999 492 2059 gationibus
508 2009 589 2041 tam
606 2000 779 2056 publicis
793 2000 913 2058 quim
941 2001 1113 2056 privatis
1140 2000 1247 2055 ipsa·

263 2074 352 2103 rum
381 2055 778 2104 confraternitatum
812 2088 828 2114 ,
857 2060 935 2103 five
964 2061 1248 2112 Societatum,

261 2119 341 2163 five
355 2117 732 2172 congregationum
746 2145 760 2168 ,
777 2120 845 2164 ubi
860 2119 1095 2164 earumdem
1117 2130 1246 2175 nego-

262 2178 319 2222 tia
334 2179 557 2220 tractantur
573 2205 587 2229 ,
604 2179 755 2233 pariter
774 2175 1062 2229 interfuerint,
1080 2189 1244 2222 centum

260 2236 344 2281 dies
360 2249 434 2291 pro
445 2233 624 2290 qualibet
641 2238 753 2282 vice.
790 2239 988 2281 Praeterea
1005 2247 1091 2280 tam
1104 2236 1246 2280 iisdem

261 2294 552 2340 Confratribus
581 2296 621 2336 δι
649 2295 981 2352 consororibus,
1011 2294 1130 2351 quim
1155 2292 1245 2335 aliis

257 2353 463 2407 utriusque
476 2349 588 2393 sexus
610 2353 953 2397 Christifidelibus
964 2384 980 2406 ,
1001 2355 1068 2408 qui
1085 2350 1246 2407 fingulis

192 2450 197 2454 .
255 2410 400 2454 diebus
417 2407 521 2451 festis
535 2436 551 2458 ,
586 2408 732 2464 vigiliis
762 2411 802 2453 δι
818 2411 1014 2454 sabbathis
1028 2409 1244 2464 ejusdem-e

258 2470 299 2513 B.
319 2467 453 2511 Mariae
470 2465 647 2523 Virginis
675 2469 716 2511 in
737 2468 924 2513 Ecclefiis
952 2471 1246 2526 praefatarunu

255 2525 655 2579 Confrsternitatum
684 2554 699 2579 ,
735 2527 814 2572 five
845 2529 1092 2572 societatum
1117 2558 1133 2580 ,
1166 2529 1244 2571 five

258 2583 638 2640 congregationum
653 2580 907 2629 interfuerint
923 2611 938 2634 ,
957 2587 1064 2630 &ibi
1084 2587 1243 2629 litanias

258 2646 298 2689 δι
317 2644 589 2694 Antiphonam
606 2642 718 2684 salve
732 2641 880 2698 Regina
891 2644 1119 2687 audiverint
1135 2672 1161 2694 ‚,
1174 2652 1243 2687 aut

258 2702 349 2749 illas
377 2700 667 2751 recitaverint,
695 2703 854 2757 quoties
880 2702 920 2743 id
950 2699 1149 2753 fecerint,
1170 2702 1243 2747 du-

257 2771 395 2807 centos
411 2761 522 2815 dies;
553 2772 712 2803 necnon
741 2760 878 2803 iisdem
905 2761 1244 2804 confratribus&

258 2818 560 2867 Consororibus
587 2819 772 2870 tantum,
801 2820 870 2874 qui
896 2834 1071 2875 corpora
1087 2820 1241 2864 Defun-

260 2882 415 2922 &orum
429 2874 695 2922 confratrum
721 2879 761 2923 &
781 2876 1056 2923 consororum
1080 2880 1130 2921 ad
1159 2881 1240 2922 Ee-

259 2937 514 2983 clesiasticam
531 2934 772 2991 sepulturam
798 2938 982 2982 comitati
999 2937 1176 2988 fuerint,
1201 2939 1239 2980 &

260 3010 336 3055 pro
349 2996 466 3054 ipfius
484 2996 669 3039 Defuneti
695 2997 825 3039 anima
857 3011 995 3052 preces
1024 2999 1114 3040 Deo
1140 2996 1240 3040 effu-

259 3055 416 3106 derint,
432 3053 630 3100 ducentos
642 3054 730 3098 dies
747 3069 820 3111 pro
833 3057 924 3112 qual
931 3058 1012 3100 ibet
1030 3057 1130 3101 vice:
1143 3072 1244 3113 quo-

260 3114 336 3157 ties
361 3115 457 3156 verb
472 3112 722 3157 conscientie
751 3116 824 3158 suoe
856 3116 1019 3172 vespere
1042 3129 1242 3161 examen-2

206 3229 209 3232 .
260 3172 462 3224 fecerint,
490 3173 782 3226 &protectioni
809 3172 988 3227 ejusdem
1016 3174 1245 3219 Beatiffimae

262 3230 443 3290 Virginis
462 3231 596 3273 Mariae
609 3232 649 3274 δι
665 3232 806 3286 Angeli
822 3233 1009 3277 Custodis
1026 3232 1103 3278 sese
1129 3248 1244 3276 com·

260 3289 539 3336 mendaveriut
553 3318 568 3341 ,
593 3291 713 3334 toties
733 3302 898 3335 centum
911 3292 997 3335 dies
1012 3306 1026 3335 ε
1052 3293 1098 3335 iis
1125 3294 1244 3345 vero,

259 3349 330 3406 qui
349 3349 386 3392 in
405 3349 599 3394 honorem
614 3349 791 3404 ejusdem
820 3351 1088 3396 Immaculata
1105 3351 1243 3407 Virgi-

261 3409 321 3453 nis
338 3408 473 3451 Mariae
485 3436 503 3461 ,
516 3409 755 3464 pauperibus
773 3409 939 3462 Puellis,
955 3424 1004 3453 ne
1019 3410 1059 3452 in
1077 3409 1243 3454 Diaboli

260 3467 500 3523 potestatem
517 3469 696 3519 veniant,
711 3468 984 3521 lubvenerint,
996 3470 1034 3510 δι
1050 3469 1244 3512 auxilium

259 3525 514 3582 prestiterim
529 3553 544 3577 ,
572 3536 641 3569 aut
674 3526 815 3582 quovis
833 3529 957 3570 modo
970 3528 1243 3571 earumdem..

258 3584 463 3640 pudicitie
493 3585 778 3630 conservande
793 3585 1244 3642 occafionem‘praebue-

261 3643 697 3701 rint,quotiescunque
730 3645 809 3688 haec
831 3646 987 3700 egerint
1011 3672 1024 3694 ,
1056 3659 1241 3689 annunu

262 3713 414 3757 unumg,
439 3704 616 3758 quivero
632 3705 775 3760 paci&
791 3706 925 3746 unioni
951 3705 1056 3747 inter
1076 3703 1239 3748 Fideles

260 3760 545 3822 constituendas
558 3776 680 3819 opera
694 3764 881 3808 dederint
894 3793 910 3818 ,
943 3775 1010 3806 aut
1025 3774 1236 3820 peccatum

2053 195 2218 277 341-

1303 291 1575 359 reflaverint,
1606 303 1672 335 aut
1703 297 1953 354 Romulia,
1980 306 2020 345 ει
2049 316 2282 351 carceratos

1305 357 1553 393 nutaverint
1567 378 1581 402 ,
1600 353 1639 392 &
1662 353 1891 405 ignorantes
1920 361 2143 405 doctrinam
2158 367 2284 406 Chri·

1307 410 1470 452 stianam
1485 410 1733 459 docuerint,
1754 409 1955 465 sexaginta
1967 418 2050 459 dies
2069 434 2142 473 pro
2154 423 2289 473 quali-

1303 469 1374 511 bet
1391 470 1500 512 vice:
1515 469 1562 510 iis
1578 471 1694 519 vero,
1706 469 1773 524 qui
1783 470 1971 515 Officium
1988 476 2169 519 BMaflae
2186 470 2289 518 tyn-4

1308 528 1410 583 ginis
1426 528 1579 571 devote
1595 528 1881 578 recitaverint,
1896 529 2178 585 quinquaginta
2203 536 2288 576 dies

1309 600 1384 643 pro
1396 587 1580 645 qualibet
1599 587 1688 628 vice
1702 616 1716 639 ,
1744 589 1782 629 δι
1798 587 1866 642 qui
1882 588 2067 643 quotidie
2084 590 2290 641 prefatum

1307 644 1487 690 officium
1503 659 1574 702 per
1591 646 1762 689 mensem
1776 647 2015 688 continuum
2036 645 2214 687 fimiliter
2230 661 2291 688 re-

1307 706 1527 749 citaverint
1541 733 1556 759 ,
1582 705 1607 747 fi
1625 704 1789 748 conseffi
1808 706 1848 747 δι
1876 704 1985 747 sacra
1998 705 2287 747 communione

1308 762 1443 810 refecti
1459 764 1636 813 fuerint,
1654 764 1801 821 septem
1814 778 1937 808 annos
1950 764 1990 805 δι
2010 762 2181 805 totidem
2195 776 2291 818 qua-

1305 824 1501 880 dragenas
1518 824 1632 868 semel
1649 838 1723 879 pro
1737 825 1918 880 quolibet
1933 820 2066 865 mense
2092 822 2146 865 de
2160 822 2293 880 injun-

1303 884 1376 928 Ctis
1394 884 1448 925 eis
1464 908 1479 933 ,
1502 881 1565 925 seu
1582 882 1680 927 alias
1709 881 2018 939 quomodolibet
2034 881 2179 924 debitis
2205 896 2294 937 poe·

1307 943 1514 994 nitentiis,
1546 944 1585 984 in
1613 940 1740 984 forma
1770 941 1953 985 Ecclefiae
1979 941 2165 984 consueta
2188 941 2294 985 rela-

1309 1015 1466 1045 xamus.
1501 1004 1703 1045 Praeterea
1718 1014 1857 1044 omnes
1887 1003 1928 1044 δι
1956 999 2131 1055 fingulas
2149 998 2294 1043 indul-

1307 1062 1466 1117 gentias
1492 1087 1506 1109 ‚
1537 1071 1797 1116 peccatorum
1830 1058 2072 1103 remiffioncs
2088 1088 2104 1110 ,
2150 1071 2293 1116 poena-

1307 1132 1477 1175 rumque
1505 1120 1767 1164 relaxationes
1806 1120 1826 1161 a
1862 1117 2065 1175 quibusvis
2099 1116 2293 1161 Romanis

1309 1177 1572 1223 Pontificibus
1591 1175 1943 1221 Praedecessoribus
1971 1176 2111 1219 nostris
2129 1173 2293 1219 conces-

1309 1238 1363 1280 sas
1381 1265 1395 1290 ,
1414 1237 1458 1277 iis
1473 1262 1486 1283 ,
1507 1237 1574 1290 qui
1594 1238 1883 1280 Viam-Crucis
1899 1236 2126 1292 peregerint
2144 1266 2160 1287 ,
2173 1249 2292 1278 coro-

1307 1309 1394 1339 nam
1415 1294 1642 1336 Beatiffimae
1659 1297 1833 1351 Virginis
1860 1296 2027 1343 Maria,
2057 1296 2097 1336 δι
2128 1294 2289 1336 litanias

1305 1354 1482 1411 ejusdem
1513 1354 1721 1409 Virginis,
1747 1353 1808 1395 vel
1837 1367 2033 1396 coronam
2068 1354 2117 1394 D.
2137 1351 2293 1407 N.Jesu

1306 1413 1457 1457 christi
1476 1412 1766 1461 recitaverint,
1791 1410 1877 1467 ipfis
1899 1414 2024 1454 etism
2054 1413 2294 1464 Congrega-

1305 1473 1483 1515 tionibus
1497 1473 1603 1523 ,five
1619 1471 1890 1515 societatibus
1904 1499 1920 1523 ,
1947 1469 2025 1511 five
2051 1466 2293 1510 confrater-

1305 1532 1503 1575 nitatibus
1526 1528 1594 1574 sub
1619 1529 1877 1572 invocatione
1890 1528 2186 1582 Conceptionis
2199 1528 2295 1568 Bea-

1307 1590 1455 1633 tiffimoe
1471 1588 1609 1632 Mari:
1626 1588 1807 1644 Virginis
1822 1603 1867 1630 es
1883 1588 2035 1639 omnia,
2049 1599 2131 1640 quae
2152 1586 2293 1628 Viam·

1303 1649 1448 1691 Crucis
1476 1647 1787 1701 peragentibus,
1818 1660 2014 1688 coronam
2058 1648 2099 1687 &
2128 1644 2293 1687 litanias

1308 1710 1353 1751 Β.
1371 1705 1551 1761 Virginis
1565 1731 1579 1754 ‚
1592 1717 1753 1748 necnon
1767 1717 1961 1747 eoronam
1978 1706 2030 1745 D.
2047 1703 2144 1758 NJ.
2160 1702 2293 1744 chri-

1306 1767 1352 1810 sti
1369 1764 1634 1809 recitantibus
1646 1762 1868 1819 proei‘cript·
1884 1762 2135 1819 praeflantur,
2150 1760 2295 1803 itidem

1308 1823 1608 1881 praestantibus,
1635 1822 1786 1880 pariter
1802 1823 2065 1866 concedimus
2091 1821 2129 1862 8ι
2169 1820 2294 1876 largi-

1308 1898 1399 1928 mur
1414 1911 1428 1927 .
1459 1882 1657 1938 Denique,
1668 1896 1718 1925 ne
1731 1892 1813 1925 tam
1830 1882 1938 1938 pium
1953 1894 2071 1936 opus,
2084 1878 2295 1922 debitum-

1305 1957 1383 1999 que
1397 1956 1493 1999 erga
1508 1940 1773 1984 Beatissimam
1792 1943 1843 1983 V.
1857 1941 2020 1983 Mariam
2034 1936 2268 1997 obsequium
2279 1964 2296 1989 ,

1307 2016 1378 2061 per
1402 2000 1582 2057 ejusdem
1604 2000 1704 2056 Justi
1730 2000 1751 2042 ὲ
1779 1999 1966 2043 Valentia
1998 1998 2308 2040 obituminter-

1307 2062 1528 2112 mittatur,
1557 2061 1620 2103 sed
1645 2058 1781 2116 potius
1797 2059 1920 2114 magis
1947 2056 2147 2113 magiique
2173 2055 2293 2099 adau-

1308 2130 1478 2176 geatur,
1504 2119 1565 2161 illi
1591 2119 1820 2168 duntaxat,
1848 2118 1917 2175 qui
1944 2116 1984 2159 in
2016 2114 2132 2172 ipfius
2148 2114 2243 2171 justi
2269 2112 2295 2155 ἰ

1308 2179 1500 2223 Valentia
1515 2177 1649 2219 locum
1675 2175 1907 2218 &officium
1935 2186 2009 2227 pro
2038 2186 2223 2229 tempore
2253 2173 2294 2213 in

1309 2246 1550 2294 perpetuum
1565 2234 1789 2278 success'erit
1806 2262 1819 2285 ,
1832 2233 2081 2275 Miffionario
2094 2259 2107 2280 ,
2120 2234 2155 2274 δι
2175 2233 2293 2274 con—

1307 2295 1555 2354 gregationis
1570 2323 1585 2345 ,
1599 2294 1680 2336 five
1693 2293 1911 2336 societatis
1927 2321 1942 2342 ,
1959 2293 2037 2334 five
2050 2289 2294 2335 Confrater·

1305 2355 1447 2399 nitatis
1464 2354 1503 2395 in
1519 2353 1699 2396 Civitate
1715 2351 1965 2407 Maracaybo
1981 2379 1994 2402 ‚
2022 2361 2062 2392 ui
2086 2348 2291 2404 praemitti·

1305 2423 1400 2466 tur,
1421 2412 1632 2464 institute,
1656 2414 1797 2453 ereetae
1829 2425 1875 2454 ac
1899 2408 2070 2453 fundata
2089 2408 2293 2452 Direetori

1303 2472 1538 2517 facultatem
1555 2472 1768 2514 tribuimus
1788 2470 2088 2526 &elargimur,
2115 2479 2159 2510 ut
2190 2467 2290 2511 alias

1305 2533 1344 2575 in
1361 2532 1487 2575 Indiis
1504 2530 1820 2580 tantummodo,
1845 2530 1883 2571 &
1914 2528 2041 2582 petita
2058 2531 2209 2578 semper
2227 2535 2291 2567 at·

1302 2604 1381 2646 que
1407 2590 1576 2632 obtenta
1609 2589 1660 2631 ab
1676 2588 1902 2632 Ordinariis
1918 2587 2104 2630 locorum
2125 2587 2290 2628 Antisti-

1303 2649 1409 2690 tibus
1424 2647 1612 2695 lieentia,
1636 2646 1989 2700 Congrcgationes
2003 2674 2019 2696 ,
2046 2646 2123 2686 five
2153 2645 2289 2686 Socie-

1304 2715 1407 2749 tates
1421 2734 1436 2756 ‚
1453 2705 1533 2748 five
1550 2701 1919 2747 Confrsternitates
1934 2731 1949 2753 ,
1979 2703 2048 2748 sub
2065 2703 2288 2744 invocatio

1304 2780 1354 2807 ne
1366 2764 1515 2820 pariter
1533 2763 1831 2818 conceptionis
1854 2762 2026 2817 ejusdcm
2061 2761 2289 2805 Beatiffimae

1306 2826 1357 2865 V.
1369 2824 1505 2866 Mariae
1519 2822 1722 2865 instituere
1737 2850 1752 2874 ‚
1764 2821 1917 2875 erigere
1931 2822 1970 2863 δι
1987 2817 2181 2874 fundare,
2196 2833 2292 2863 nec·

1302 2896 1385 2925 non
1414 2893 1648 2924 memoratae
1667 2881 2012 2938 congregationi,
2042 2879 2121 2922 five
2150 2880 2288 2922 Socie-

1300 2942 1474 2991 tati,five
1487 2938 1820 2983 Confraternitati
1831 2939 2025 2983 Civitatis
2038 2938 2287 2993 Maracaybo

1301 3015 1538 3056 aggregare,
1550 3001 1590 3042 dt
1601 3012 1738 3043 omnes
1751 3000 1791 3042 δι
1809 2997 1974 3055 fingulas
1990 2998 2288 3052 Indulgentias,

1305 3070 1565 3117 peccatorum
1582 3057 1823 3103 remiffiones
1839 3086 1854 3110 ,
1883 3070 2175 3113 poenarumque
2190 3056 2287 3098 rela-

1306 3120 1491 3163 xationes
1507 3116 1641 3162 eidem
1661 3117 1986 3172 Congregationi
2001 3144 2015 3167 ,
2042 3116 2119 3159 five
2147 3119 2286 3158 Socie-

1303 3178 1408 3230 tati,
1422 3180 1502 3222 five
1516 3176 1857 3222 confraternitsti
1869 3175 2060 3220 civitatis
2077 3178 2285 3229 Maracay·

1303 3238 1358 3280 bo
1371 3238 1392 3279 i
1409 3240 1539 3282 Nobis
1552 3265 1566 3287 ,
1581 3247 1623 3280 ut
1638 3236 1894 3294 premittitur
1906 3260 1920 3284 ,
1934 3231 2135 3278 concessas
2150 3261 2164 3284 ‚
2190 3247 2284 3288 gra-

1303 3297 1354 3340 tis
1367 3326 1383 3348 ,
1408 3300 1444 3348 &jc
1462 3297 1540 3340 fine
1557 3297 1640 3340 ulla
1654 3298 1817 3351 prorsus
1849 3294 2038 3337 mercede
2060 3292 2283 3334 communi·-

1304 3370 1397 3398 care
1412 3356 1659 3412 &impertiri
1679 3356 1807 3397 libere
1821 3355 1860 3396 &
1877 3352 1989 3395 licite
2004 3350 2119 3406 posfit
2145 3352 2184 3392 δι
2213 3364 2282 3391 va-

1303 3414 1384 3457 leat
1396 3443 1410 3456 .
1443 3419 1536 3460 Non
1552 3415 1801 3457 obstantibus
1815 3412 1945 3457 nostra
1964 3413 2001 3452 &
2015 3410 2281 3457 cancellariae

1302 3474 1540 3528 Apostolicae
1555 3474 1690 3529 regula
1707 3501 1720 3523 ‚
1740 3473 1792 3515 de
1815 3484 1894 3512 non
1919 3467 2192 3511 concedendis
2215 3469 2278 3509 in-

1302 3533 1523 3588 dulgentiis
1551 3531 1601 3573 ad
1629 3531 1748 3573 instar
1777 3560 1791 3582 ,
1824 3529 1988 3583 aliisque
2018 3526 2276 3584 constitutio-

1302 3592 1416 3633 nibus
1450 3593 1488 3632 &
1521 3590 1843 3631 ordinationibus
1871 3585 2112 3642 Apostolicis
2137 3611 2152 3634 ,
2189 3600 2276 3628 coe-

1301 3647 1472 3705 terisque
1502 3649 1713 3690 contrariis
1735 3644 2046 3702 quibuscumque
2063 3673 2075 3685 .
2109 3643 2278 3687 Praesen-

1297 3708 1405 3750 tibus
1435 3709 1637 3764 perpetuis
1663 3706 1807 3748 futuris
1842 3705 2088 3762 temporibus
2129 3704 2277 3748 valitu-

1295 3780 1374 3809 ris.

2074 3823 2224 3865 Datum
