2496 4172
989 120 1466 241 iflpoffolica
1493 186 1515 208 .

264 265 347 310 sent
365 270 430 310 2&
442 270 464 314 a
483 280 565 324 quo
582 278 764 324 tempore
779 268 828 311 lic
846 268 884 309 se
905 272 1076 326 gerant?

317 327 389 380 63.
449 330 596 372 Utrum
609 328 700 371 dieii·
714 326 946 369 Miffionari'i
959 328 1132 385 aliquem
1147 326 1232 370 fru-

266 386 371 428 ctum
386 386 544 431 licitum
564 387 780 443 percipiant
797 398 848 427 ex
862 385 1055 431 Miffionis
1076 386 1235 430 exerci-

266 445 327 487 tio
339 473 352 494 ,
367 448 453 502 quis
467 447 511 489 fit
528 476 542 499 ‚
555 448 645 490 &in
662 458 743 500 quo
758 443 939 486 consistat
958 448 973 489 2

320 505 393 557 64.
455 508 607 549 Eadem
631 501 844 546 referenda
871 505 956 545 sunt
982 503 1034 546 de
1051 502 1238 547 Praesetfto

260 563 452 608 Minionis
465 592 478 613 ,
508 562 677 607 maxime
706 563 802 606 vero
828 574 921 604 cum
936 573 1090 619 quanto
1107 563 1235 605 studio

262 625 298 664 δι
315 624 526 678 prudentia
539 621 761 664 Miffionem
770 619 918 674 dirigat
930 622 945 662 ἓ

321 683 392 732 65.
452 680 656 741 Qanti'im
670 679 755 720 aliis
770 678 983 734 Religiofis
1005 689 1144 736 gratus
1160 681 1205 722 fit
1219 708 1235 733 ‚

264 750 383 797 atque
397 742 519 784 etiaui
538 738 786 783 sacularibus
801 738 816 780 ἰ

521 855 741 898 sacerdotes
759 855 970 899 seculares
989 883 1002 897 .

318 974 391 1017 66.
451 972 605 1016 Eadem
623 972 832 1016 reddenda
846 973 902 1016 est
916 974 1019 1016 ratio
1034 973 1204 1016 nominis
1220 1001 1237 1024 ,

264 1033 392 1077 aetatis
407 1060 420 1084 ,
434 1033 473 1074 δι
489 1034 629 1075 Pati-ie
642 1031 918 1087 quorumlibet
931 1031 1236 1076 Sacerdotum.)

263 1089 542 1140 saniarium,
564 1091 604 1133 δι
618 1091 876 1134 Clericorum
890 1091 1038 1135 ibidem
1051 1105 1235 1134 commo·

261 1151 436 1194 rantium
451 1176 466 1200 ‚
491 1149 740 1193 declarando
758 1163 935 1207 quoque,
950 1150 1095 1206 quibus
1107 1150 1234 1193 literis

263 1208 491 1252 studuerint
506 1235 519 1260 ,
531 1210 568 1251 δι
583 1209 622 1254 in
637 1210 783 1266 quibus
799 1208 898 1252 locis
909 1237 922 1250 .

320 1267 393 1318 67.
454 1270 519 1309 An
538 1267 881 1323 patrimonialibus
895 1293 911 1319 ,
938 1262 1237 1310 Ecclefiasticiss

267 1325 318 1368 ve
330 1325 449 1367 bonis
461 1324 644 1369 fruantur
659 1328 676 1370 2

317 1382 390 1427 68.
449 1385 613 1441 Qiibus
630 1384 703 1428 fint
719 1382 899 1426 moribus
913 1409 929 1435 ,
956 1381 1237 1440 dotibusquu

258 1442 468 1487 instructi?

317 1502 389 1558 69.
451 1504 497 1544 In
512 1515 599 1559 quae
623 1515 730 1546 nunc
745 1514 867 1558 opera
895 1500 1132 1546 incumbant
1148 1528 1164 1553 ,
1195 1501 1236 1545 δε

264 1570 380 1605 antea
395 1561 652 1606 incubuerint
667 1564 682 1605 ἓ

394 1678 616 1723 Sacerdotes
635 1679 853 1722 scrutares
869 1675 1100 1736 Miffionaerii'
1111 1705 1124 1719 .

319 1748 389 1790 7ο.
451 1738 702 1782 Nominstim
713 1740 963 1795 exprimendi
975 1736 1153 1793 sunt,qui
1164 1735 1239 1780 fini

270 1796 504 1841 Millionarii
517 1824 531 1849 ,
543 1797 584 1839 dt
594 1799 618 1842 a
657 1810 712 1839 uo
723 1804 911 1852 tempore
928 1826 942 1841 .

326 1865 350 1904 7
361 1866 395 1896 ι.
455 1856 520 1897 De
532 1857 643 1898 omni
704 1867 722 1897 s
738 1855 970 1911 fingillatim
986 1854 1242 1911 <liniamus

268 1924 369 1955 cura
382 1938 397 1962 ‚
412 1925 548 1967 quove
561 1913 693 1956 studio
706 1910 898 1968 fungatur
914 1911 1053 1955 officio
1066 1913 1082 1953 2

323 1982 392 2021 72.
415 1983 429 1990 “
454 1972 563 2014 Num
577 1970 781 2014 commilla
806 1971 875 2015 sibi
897 1970 984 2013 loen
1005 1971 1241 2025 frequenter

265 2028 431 2128 zifitent
446 2054 461 2083 ‚
490 2029 660 2073 maxime
683 2040 813 2075 autem
829 2057 847 2086 ,
875 2043 962 2086 quc
986 2039 1239 2073 remotiora-2

285 2095 356 2132 unt
375 2089 392 2131 ἓ

261 2144 1070 2253 ῐώ7ιι33.ΗάἓῗεὲειξάςῖιξῗωῗζῖιὲῗιῖυῗίανιΙ
1083 2144 1240 2262 ptigit?-

258 2263 369 2308 tibus
383 2273 550 2318 operam
562 2261 733 2305 navent?

317 2332 388 2375 74.
450 2320 562 2364 Cum
576 2330 725 2375 quanta
741 2318 951 2374 prudentia
963 2345 980 2368 ,
996 2321 1037 2364 δι
1051 2318 1239 2364 modera-

264 2378 376 2423 tione
390 2390 485 2437 erga
500 2390 640 2422 omnes
653 2377 693 2422 le
705 2391 846 2437 gerant
858 2406 875 2431 ,
904 2379 946 2422 δι
958 2379 1154 2435 precipue
1168 2393 1235 2422 ei·-

263 2451 313 2495 ga
327 2435 520 2482 Infideles
537 2466 552 2491 ‚
563 2438 835 2495 quantumque
849 2438 923 2480 sint
936 2440 995 2483 eis
1011 2439 1195 2493 accepti?

321 2507 389 2548 75.
450 2499 514 2539 An
535 2497 652 2539 rebus
669 2497 845 2552 politicis
862 2498 985 2541 toties
998 2524 1014 2548 ‚
1026 2499 1064 2540 &
1087 2507 1168 2539 tani
1180 2497 1237 2541 se·

262 2555 359 2597 ver'e
376 2554 398 2596 a
409 2553 526 2599 Sacra
537 2558 867 2612 congregatione
879 2556 1094 2610 prohibitis
1104 2555 1237 2612 impli-

264 2621 411 2657 centur
423 2639 437 2662 ,
453 2612 551 2655 licet
567 2611 635 2656 sub
649 2625 843 2669 praeteittu
855 2613 949 2656 boni
969 2614 986 2657 ἰ
1038 2646 1042 2650 -

324 2672 394 2723 76.
456 2674 603 2716 Utrum
632 2673 671 2714 in
695 2685 834 2716 eorum
848 2671 1119 2716 functionibus
1143 2685 1235 2728 par-

263 2730 454 2775 tialitatis
472 2739 568 2774 nota
581 2731 711 2787 aliqua
724 2731 910 2787 effulgeat
925 2757 939 2779 ,
953 2731 1106 2774 lucrive
1121 2730 1235 2785 cupi-

263 2790 363 2834 ditas
377 2802 393 2841 3
421 2802 513 2830 num
525 2792 649 2832 etiam
662 2802 712 2832 ex
722 2792 778 2834 eis
790 2789 939 2846 aliquid
964 2790 1169 2837 commodi
1183 2789 1234 2834 li·

266 2849 349 2890 cite
367 2848 621 2904 percipiant?

530 2964 749 3008 Sacerdotes
767 2964 936 3021 abstaret
950 2996 963 3010 .

320 3035 393 3076 77.
452 3023 490 3064 Si
509 3018 613 3066 forte
630 3034 743 3067 extra
756 3025 978 3070 Millionem
989 3033 1057 3069 aut
1069 3022 1240 3070 Provin-

262 3082 367 3125 ciam
381 3083 634 3139 reperiantur
649 3082 718 3127 alii
731 3083 978 3130 Sacerdotes
999 3099 1047 3130 ex
1058 3084 1238 3140 partibus

263 3141 346 3184 illis
359 3141 518 3183 oriundi
535 3169 550 3192 ,
580 3140 785 3186 referenda
801 3142 892 3186 sunt
904 3158 1043 3188 eorum
1062 3154 1207 3186 nomeu
1222 3168 1238 3192 ‚

230 3208 233 3213 “
265 3211 357 3244 aetas
371 3229 387 3251 ,
403 3199 598 3256 dotesque
610 3229 624 3252 ‚
639 3200 735 3243 ficut
750 3201 802 3244 de
814 3205 970 3245 caeteris
987 3201 1136 3245 dietum
1156 3199 1241 3254 est3

264 3259 380 3302 locus
396 3260 536 3311 etiam,
550 3260 588 3302 in
601 3273 681 3316 quo
695 3260 884 3311 resident,
894 3264 932 3305 δι
948 3274 1088 3318 opera,
1101 3261 1141 3304 in
1155 3273 1241 3316 φιτ

265 3318 506 3362 incumbunt
521 3347 533 3360 .

466 3438 638 3491 ‘juvenes
650 3434 798 3486 idonei,
814 3435 1006 3491 &studia
1020 3444 1035 3478 .“

325 3495 394 3541 ⁷8·
454 3495 495 3538 Si
521 3495 561 3537 in
590 3493 771 3538 Miffione
787 3525 800 3546 ‚
827 3506 896 3537 aut
914 3494 1129 3538 Provincia
1154 3493 1239 3536 exi-

265 3551 363 3593 stant
387 3553 560 3607 Juvenes
585 3553 706 3610 aliqui
731 3554 882 3598 Clerici
899 3580 914 3603 2
943 3562 1014 3594 aut
1035 3550 1239 3597 saeculares

266 3611 441 3653 moribus
457 3611 653 3667 infignes,
684 3618 751 3671 qui
781 3613 1011 3669 ingenium,
1039 3611 1239 3665 spiritum-

263 3683 342 3727 que
375 3670 475 3711 νει-ὲ
488 3670 807 3715 Ecclesiasticum
836 3668 1119 3728 praeseferant,
1150 3671 1238 3723 qui-

261 3745 340 3787 que
353 3730 400 3771 ad
417 3728 692 3773 Sacerdotium
704 3760 718 3784 ,
749 3733 789 3773 δι
805 3732 852 3773 ad
873 3731 1088 3774 animarum
1104 3729 1240 3784 cultuss

2039 145 2192 227 181

1294 282 1380 310 ram
1395 267 1532 309 idonei
1549 267 1760 311 videantur
1773 285 1788 324 ;
1820 272 2059 329 fingulorum
2073 286 2260 329 accurate

1293 328 1445 371 dentur
1458 340 1609 368 nomen
1625 355 1638 376 ,
1653 338 1747 369 aetas
1760 357 1774 378 ‚
1786 342 1912 383 patria
1929 336 1989 380 ,δι
2005 340 2206 380 conditio,

1355 397 1423 440 79.
1484 389 1545 429 An
1561 384 1612 426 ad
1625 386 1796 428 studium
1808 388 1973 442 aliquod
1990 394 2260 438 incubuerint?

1353 445 1422 487 80.
1484 447 1547 485 An
1567 444 1817 498 Principibus
1833 447 2095 501 Christianis,
2113 451 2263 495 infide-

1296 499 1452 544 libusve
1466 500 1616 544 subditi
1633 504 1737 547 fint?

1353 563 1376 605 8
1388 573 1424 601 t.
1488 564 1594 603 Num
1623 562 1678 606 ibi
1701 561 1747 604 fit
1780 563 1821 604 in
1841 562 2053 606 Provincia
2082 566 2268 620 Magister

1294 620 1438 676 aliquis
1452 648 1466 671 ‚
1478 622 1544 675 qui
1566 619 1822 676 juventutem
1847 634 2033 665 exerceat
2051 623 2066 663 ἓ
2096 635 2189 676 quas
2223 625 2270 666 li-

1295 689 1402 722 teras
1417 678 1564 723 doceat
1577 708 1593 732 ‚
1625 680 1818 736 quibusve
1833 681 1903 724 ille
1917 680 1962 723 fit
1983 681 2158 722 moribus
2175 707 2188 728 ,
2222 696 2267 723 ac

1292 737 1479 780 doctrina
1508 738 1742 784 instructus?
1770 751 1869 797 quot
1886 739 2037 793 sintipii
2058 740 2271 782 scholasti-

1293 800 1330 839 ci
1346 800 1360 841 ?
1378 796 1540 839 ubinam
1555 810 1835 844 commoretur
1851 802 1866 844 2
1896 801 1935 843 &
1955 797 2163 857 quidinde
2178 813 2268 855 pet·-

1295 857 1419 914 cipiat
1434 855 1694 901 emolumenti
1712 861 1727 903 2
2263 879 2269 883 ·

1675 918 1864 960 Moniales
1877 943 1890 957 .

1343 973 1423 1016 ⁹82.
1487 974 1527 1018 si
1542 975 1629 1031 quis
1651 977 1695 1017 fii
1708 977 1944 1021 Monialium
1961 978 2203 1020 Conventus
2234 976 2274 1020 in

1294 1032 1433 1088 aliquo
1445 1032 1636 1076 Miffionis
1652 1034 1747 1078 loco
1759 1064 1774 1088 ,
1802 1036 1985 1079 declaret
2002 1032 2116 1090 cujus
2142 1035 2188 1078 fit
2205 1036 2270 1078 In·

1295 1091 1420 1136 stituti
1436 1119 1451 1143 ,
1467 1091 1579 1145 cujus
1593 1107 1699 1137 curae
1714 1123 1728 1146 ,
1743 1096 1784 1137 δι
1797 1095 2014 1138 ministerio
2029 1092 2147 1135 subiit
2167 1096 2183 1138 2

1356 1150 1427 1206 83.
1489 1152 1554 1191 An
1568 1151 1791 1196 clausuram
1806 1154 2004 1197 Mouiales
2033 1151 2276 1200 observent»

1298 1210 1505 1264 vitamque
1520 1221 1775 1252 communem
1792 1214 1808 1255 Ξ

1358 1268 1428 1319 84.
1491 1267 1556 1308 An
1575 1269 1682 1311 votis
1699 1269 1926 1325 Religionis
1939 1268 2269 1325 obstringamur,

1297 1338 1349 1367 an
1363 1324 1464 1368 vero
1478 1322 1716 1380 finiplicium
1730 1326 2136 1374 Conservatoriorum
2162 1329 2272 1372 obli-

1297 1383 1529 1443 gationibus
1545 1386 1561 1429 2

1338 1504 1473 1545 status
1479 1502 1686 1558 μνία-νηὶ
1699 1507 1887 1559 temporit
1900 1534 1916 1556 ‚
1926 1505 1976 1555 ὅ
1983 1502 2201 1561 progr-efflei
2218 1530 2232 1544 .

1355 1562 1427 1610 85.
1487 1562 1667 1603 Praebeat
1679 1564 1845 1605 tandem
1859 1564 2074 1618 aliqualem
2085 1565 2277 1604 notitiam

1301 1619 1354 1664 de
1370 1619 1468 1662 statu
1485 1620 1542 1671 ‚in
1558 1633 1643 1681 quo
1655 1621 1906 1676 temporibus
1921 1621 2136 1675 preteritis
2167 1621 2190 1664 a
2208 1620 2272 1662 vi-

1300 1678 1403 1737 ginti
1415 1688 1484 1720 aut
1499 1679 1667 1736 triginta
1692 1681 1804 1723 annis
1818 1680 1983 1723 circiter
2000 1679 2180 1724 extiterit
2196 1681 2278 1722 Ca-

1299 1738 1456 1782 tholica
1471 1734 1570 1781 fides
1586 1739 1624 1780 in
1637 1737 1708 1783 illa
1724 1739 1939 1783 Provincia
1953 1767 1968 1791 ‚
1986 1740 2027 1784 δι
2041 1739 2080 1781 in
2098 1738 2278 1795 particu-

1301 1796 1456 1842 laribus
1470 1794 1689 1853 quibusque
1701 1797 1828 1844 loeis?

1363 1856 1431 1897 86.
1491 1857 1558 1898 An
1593 1858 1643 1896 ab
1674 1854 1752 1898 illo
1775 1866 1965 1904 tempore
1989 1852 2113 1899 fuerit
2145 1855 2279 1911 aliquo

1300 1913 1428 1955 ruodo
1444 1911 1642 1968 progressa
1657 1911 1755 1956 fides
1773 1917 1789 1958 ἓ
1822 1929 1915 1957 num
1945 1928 2084 1958 revera
2099 1915 2178 1959 hoe
2196 1912 2279 1968 ipio

1301 1982 1484 2028 tempore
1499 1983 1820 2028 promoveatur,
1850 1973 2084 2029 affignsndo
2107 1970 2282 2014 occalio-

1300 2044 1369 2072 nes
1385 2029 1611 2086 progressus
1624 2058 1639 2084 ,
1653 2042 1721 2074 aut
1735 2030 1969 2077 defectionis
1982 2059 1998 2084 ,
2020 2029 2045 2073 fi
2071 2044 2148 2088 qua
2164 2029 2277 2075 sorte

1299 2091 1512 2133 extiterit?
1798 2099 1802 2103 ⁴

1327 2203 1607 2258 Inpedimenta
1608 2202 1710 2260 fidei
1723 2231 1740 2255 ‚
1752 2201 1943 2260 aeeeffi'tas
1962 2232 1976 2254 ,
1988 2201 2221 2254 &remedia
2234 2212 2247 2246 .·

1361 2264 1429 2314 87.
1490 2263 1740 2319 Singillatim
1753 2266 1863 2305 dicat
1877 2290 1891 2312 ‚
1905 2276 1988 2320 φιτ
2007 2262 2075 2304 tint
2096 2264 2279 2320 progres-

1296 2322 1356 2365 sus
1373 2322 1465 2365 fidei
1479 2348 1495 2372 ,
1527 2320 1831 2378 Miffionumque
1847 2322 2134 2377 impedimenta
2152 2351 2168 2375 ,
2191 2324 2282 2382 qui·

1296 2381 1442 2435 bulque
1457 2382 1649 2424 remediis
1664 2381 1860 2425 utendum
1880 2380 1924 2427 fit
1944 2383 1959 2426 Ξ

1356 2441 1424 2482 88.
1470 2441 1638 2484 Attente
1659 2440 1887 2496 perpendat
1905 2437 2132 2497 spirituales
2148 2442 2275 2484 Chri·

1297 2498 1508 2542 stianitati's
1524 2499 1628 2543 illius
1644 2498 1893 2544 neceffiiates
1907 2527 1920 2549 ,
1934 2513 2004 2542 eas
2017 2499 2199 2543 distincte
2214 2514 2279 2542 re—

1297 2555 1401 2601 ferat
1413 2583 1428 2606 ‚
1442 2558 1653 2612 mediaque
1666 2569 1869 2615 proponat
1883 2585 1895 2607 ,
1919 2573 2005 2613 quae
2033 2558 2084 2600 ad
2100 2559 2273 2614 praeteri.

1297 2625 1436 2659 torum
1461 2616 1704 2660 damnorum
1733 2615 2067 2660 restaurationem
2095 2642 2111 2664 ‚
2149 2619 2191 2659 Bt
2222 2616 2274 2659 ad

1297 2672 1486 2728 majorem
1506 2672 1742 2729 progresst‘is
1769 2675 2069 2727 promotionem
2095 2671 2185 2717 suus
2208 2674 2277 2719 fibi

1295 2732 1428 2782 zelus,
1442 2730 1712 2788 locorumque
1723 2731 1921 2789 cognitio,
1937 2733 1978 2774 in
1993 2741 2167 2777 mentem
2179 2731 2277 2792 pru‘-

1297 2789 1441 2834 denter
1454 2788 1711 2833 adduxerunt
1727 2819 1739 2831 .

1357 2854 1428 2902 89.
1494 2847 1662 2894 Refer-at
1677 2862 1952 2907 quoque‚num
1967 2847 2037 2890 fini
2053 2848 2278 2901 Dioeceses,

1298 2908 1577 2964 Miffionesque
1619 2908 1759 2951 vicinae
1792 2935 1805 2957 .
1854 2911 1877 2952 a
1912 2906 2056 2964 quibus
2085 2907 2164 2950 illae
2201 2922 2276 2963 pro

1299 2968 1494 3022 temporis
1523 2967 1725 3024 exigentia
1776 2966 1933 3014 facilius
1976 2963 2121 3023 poffint
2158 2966 2274 3027 adju-

1299 3026 1385 3070 vari
1403 3028 1419 3071 ἔ

1648 3086 1749 3128 Loca
1760 3086 1899 3130 vicine
1910 3116 1923 3128 .

1357 3158 1431 3201 90.
1490 3143 1812 3202 Complee'tendo
1822 3146 2042 3191 etiamnum
2055 3142 2277 3189 circumvi-

1299 3202 1388 3246 cina
1402 3204 1525 3253 loca,
1550 3217 1631 3246 non
1654 3202 1782 3247 solnm
1814 3206 1954 3249 statum
1980 3203 2073 3247 fidei
2096 3203 2135 3245 in
2159 3203 2239 3246 illis
2255 3228 2272 3252 ,

1297 3260 1455 3318 ejusque
1470 3261 1719 3306 neceffitates
1733 3262 1882 3308 referat
1897 3292 1912 3318 ,
1925 3262 1991 3307 sed
2007 3261 2129 3304 etiam
2155 3260 2179 3302 li
2207 3260 2273 3303 lo·

1298 3336 1390 3365 cum
1404 3316 1480 3363 effe
1495 3324 1740 3378 perspexerit
1752 3349 1767 3370 ,
1779 3336 1864 3364 eam
1883 3323 1920 3363 in
1939 3320 2087 3363 vicinas
2106 3331 2241 3373 partes
2253 3344 2267 3367 ,

1280 3374 1445 3424 'aliasve
1469 3379 1686 3425 inducendi
1711 3409 1728 3434 ‚
1746 3379 2104 3434 Evangeliumque
2130 3377 2272 3431 pradi-

1297 3440 1444 3489 candi,
1475 3448 1652 3484 exponat
1668 3439 1836 3488 lineet-e,
1851 3439 1991 3493 quibus
2009 3436 2149 3479 mediis
2165 3434 2205 3478 id
2219 3431 2274 3476 fa»-

1297 3498 1415 3543 cilius
1429 3494 1568 3550 perfici
1583 3494 1692 3553 polse
1703 3495 1884 3553 judicet.

1301 3615 1470 3668 Exempl.
1482 3615 1583 3665 typis
1595 3616 1633 3654 S.
1646 3614 1762 3666 Cong.
1777 3613 1824 3655 dc
1836 3615 1948 3667 Prop.
1966 3612 2062 3659 Ft‘de
2072 3592 2161 3654 ’σιί
2170 3622 2272 3662 740.

1357 3671 1580 3728 impr-efflent
1603 3671 1647 3714 in
1661 3671 1782 3716 Arcb.
1799 3670 1982 3730 generali
1994 3674 2166 3716 armas-1⁶0
2181 3668 2270 3714 Mis-

1358 3730 1509 3790 fionesg
2044 3793 2086 3835 c
2099 3792 2137 3834 o
2151 3775 2212 3836 N-
