2496 4172
981 159 995 205 r
1017 115 1453 236 Apostolica
1470 184 1487 204 .

253 278 300 320 'ni
319 270 612 321 Praedecefforis
641 269 812 319 litteras,
823 267 942 310 etiam
957 274 1100 308 eontra
1111 268 1233 319 impe-

256 336 416 378 dientes
439 332 676 375 exercitium
702 325 976 380 iurisdietionis
998 323 1227 366 dictorum„

253 395 513 437 vicariorum
529 386 855 444 Apostolicorum
870 411 885 434 ‚
900 395 1119 436 eorumque
1131 393 1227 435 ope-

259 453 464 496 rariorum
492 453 533 491 in
558 444 779 491 Provinciis
804 443 871 484 fibi
887 444 911 486 a
928 445 1070 485 saneta
1084 439 1227 484 sede.)

255 511 474 567 affignatia
487 506 723 550 auam-itate
734 501 965 558 Apostolica
978 511 1119 544 tenore
1132 511 1226 554 pre·

253 570 423 614 sentium
449 565 703 612 extendimus
725 559 1039 614 &ampliamus.
1074 561 1224 600 Decer-

253 631 395 672 nentes
407 618 783 680 easdemproesentcs
800 619 956 661 litteras
984 617 1135 670 semper
1157 612 1227 656 fir·

255 701 339 730 mas
351 716 366 740 ‚
385 685 562 738 validas,
578 683 618 737 §t
629 678 809 723 efficaces
822 676 990 720 existere
1005 702 1020 724 ‚
1050 677 1090 716 &
1110 672 1197 716 fore
1209 697 1226 721 ‚

253 740 639 803 suosque,‚plenarios
652 766 666 789 ‚
689 738 730 781 δι
744 739 922 792 integros
939 734 1096 778 effeetus
1109 731 1225 775 sorti·

252 806 344 847 ri&
357 803 542 846 obtinere
554 825 569 848 ‚
584 812 629 840 ac
648 795 806 847 abillis,
819 795 869 837 ad
885 809 984 850 quos
1000 792 1142 849 spectat
1156 818 1170 840 ‚
1184 791 1222 832 &

250 875 333 920 pro
347 871 530 916 tempore
557 854 744 912 Γρεέὶεὺιε
757 883 773 906 ,
801 852 1094 896 inviolabiliter
1107 853 1145 892 &
1159 852 1223 893 in-

250 919 446 962 concusse
458 915 689 967 ohservari3
711 914 856 969 sicque
872 914 914 954 ἃ.
935 909 1018 954 non
1040 910 1163 953 aliter
1180 908 1222 951 in

250 977 450 1035 praemiffis
473 989 545 1032 per
571 974 839 1030 quoscumque
866 970 1027 1015 ludices
1056 969 1220 1020 ordina·

249 1037 333 1080 rios
348 1064 363 1088 ‚
377 1037 418 1078 δι
433 1034 650 1089 Delegatos
664 1060 680 1083 ‚
705 1033 830 1075 etiam
855 1031 1061 1074 causarum
1079 1023 1223 1071 Palatii

248 1094 476 1152 Apostolici
491 1091 709 1137 Auditores
721 1119 736 1141 ,
750 1090 902 1133 aliosve
914 1088 1112 1146 quoslibet
1129 1098 1222 1142 qua-

250 1168 424 1210 cumque
450 1150 744 1209 praeeminentia
770 1150 811 1192 3:
833 1147 1027 1206 potestate
1054 1144 1224 1201 fungen-

249 1221 314 1256 tes
327 1241 342 1264 ‚
353 1214 395 1256 δι
409 1210 614 1254 ῆιοᾶιποε
627 1237 643 1260 ,
660 1206 812 1251 sublata
825 1209 876 1251 eis
889 1236 903 1259 ,
917 1208 957 1248 8ι
968 1217 1109 1247 eorum
1135 1203 1221 1245 cui-

250 1271 352 1314 libet
365 1271 501 1328 quavis
515 1268 634 1311 aliter
647 1265 850 1322 judicandi
866 1267 905 1308 δι
926 1260 1220 1318 interpretandi

249 1329 445 1373 facultate
467 1330 506 1370 δι
527 1324 788 1376 ιιιᾶοτίῐιεε,
813 1322 979 1380 judicari
1006 1323 1047 1363 δι
1061 1318 1228 1364 definiri

249 1388 428 1440 ἅψει-ες
456 1399 502 1427 ac
530 1383 743 1426 irritum&
761 1383 908 1434 inane,
938 1382 965 1422 fi
982 1378 1092 1424 secus
1110 1379 1223 1433 super

248 1447 313 1490 his
337 1445 360 1488 a
385 1455 587 1501 quoquam
617 1442 755 1497 quavis
783 1442 1019 1485 auctoritate
1049 1440 1222 1482 scienter

249 1505 317 1548 vel
331 1507 563 1560 ignoranter
586 1500 804 1556 eontigerit
829 1498 1055 1543 attentari.
1091 1500 1217 1540 Non-³

244 1561 492 1608 obstantibus
523 1557 891 1604 constitutionibus
918 1560 956 1600 δι
987 1555 1222 1600 Ordinatio-

245 1624 367 1669 nibns
382 1618 620 1678 apostolicis
637 1645 651 1669 ,
664 1630 818 1659 necnon
833 1618 1019 1661 omnibus
1034 1617 1074 1658 δι
1088 1614 1220 1669 tingn-

249 1681 300 1726 lis
320 1681 399 1723 illis
413 1706 429 1730 ‚
488 1691 543 1720 uae
575 1687 820 1719 memoratus
844 1676 1030 1719 Urbanus
1065 1672 1223 1716 Proede·

247 1736 375 1784 eess'or
405 1738 445 1782 in
458 1693 538 1780 iuis
559 1733 601 1779 su
633 1734 793 1778 radietis
821 1732 968 1778 litteris
998 1732 1126 1776 voluit
1141 1745 1222 1774 non

249 1796 406 1843 obstare
429 1825 445 1848 ‚
463 1797 691 1851 ceterique
723 1795 936 1845 contrariis
963 1791 1222 1850 quibuscum-

277 1871 358 1907 ue.
389 1856 588 1899 Volumus
604 1863 767 1905 autem,
799 1862 844 1896 ut
869 1850 1104 1897 earumdem
1119 1863 1222 1906 prn-

265 1915 419 1958 entium
432 1911 665 1955 litterarum
680 1910 940 1966 transumptis
953 1938 969 1961 ,
1001 1908 1064 1951 sen
1075 1921 1224 1952 exem-

252 1972 483 2031 plir‚etiam
497 1968 716 2026 impellis,
732 1981 850 2010 manu
877 1966 1047 2023 alicujus
1063 1966 1224 2009 hlotarii

252 2031 406 2090 publici
421 2027 736 2085 subscriptis‚ac
751 2024 882 2081 figillo
906 2028 1083 2082 personat
1099 2024 1137 2067 in
1163 2023 1226 2067 di-

252 2091 409 2150 gnitate
434 2087 706 2132 Ecclefiastica
728 2083 960 2129 constitute·
974 2083 1138 2126 munitis
1153 2097 1224 2124 ea-

252 2151 348 2193 dem
373 2145 532 2205 prorsus
557 2147 654 2189 fides
679 2144 719 2185 in
742 2141 899 2197 judicio
922 2145 1093 2185 &extra
1106 2139 1224 2182 adhi-

250 2208 391 2252 beatur
405 2233 421 2258 ‚
439 2217 524 2261 quoe
544 2205 632 2255 iniis
655 2198 915 2256 praesenribus
929 2200 1195 2242 adhiberetur
1206 2224 1223 2250 ,

252 2265 281 2311 fi
293 2266 425 2308 forent
440 2259 600 2304 ostense
613 2287 628 2311 ,
644 2257 710 2300 vel
723 2257 908 2299 exhibita
920 2285 932 2299 .

368 2322 520 2364 Datum
537 2321 673 2361 Rome
685 2313 790 2370 apud
806 2319 991 2359 Sanctam
1018 2316 1222 2361 Mariam...

251 2379 452 2433 Maiorem
478 2378 548 2421 sub
576 2373 746 2419 Annulo
773 2373 988 2418 Piscatori:
1015 2375 1083 2419 die
1101 2388 1174 2418 vtt
1191 2388 1227 2416 ι.

244 2439 627 2498 Juniiunctxxtv.
655 2429 916 2477 Pontificatt‘is
942 2434 1069 2478 nostri
1096 2437 1225 2478 Anno

255 2500 908 2611 Olli'la'ttalimpdnffcbcemod.
916 2552 1026 2593 Arm.
1032 2549 1229 2609 Miffiones.

251 2730 642 2801 'constitutionem
683 2728 941 2781 Clementis
976 2730 1072 2779 xt.
1124 2728 1231 2777 inci·

253 2815 272 2868 j
321 2806 525 2875 pientem
555 2816 612 2844 =
639 2801 710 2850 Ex
722 2802 804 2851 ma
820 2801 888 2849 die
911 2824 968 2852 =
992 2800 1042 2847 ‘in
1058 2794 1232 2847 eausa..

326 2876 530 2927 Rimum
546 2869 624 2921 seu
642 2872 1048 2922 coeremoniarum
1078 2870 1230 2919 Sinen-

324 2943 444 2998 fium
472 2941 644 2991 editam
674 2939 918 2992 confirmat
941 2960 957 3001 ;
988 2939 1230 2989 nonnullas

324 3012 597 3064 eorumdem
619 3013 809 3062 Rituum
839 3030 891 3061 ae
916 3010 1229 3062 Coeremonia-

321 3102 428 3135 rum
443 3080 750 3152 permistiones
763 3083 978 3138 damnat,
993 3099 1046 3130 ac
1063 3096 1231 3129 novam

294 3152 576 3205 formulam
594 3155 841 3220 juramenti
870 3153 899 3202 ὲ
937 3149 1233 3203 Miffionariis

327 3224 563 3297 praestandi
585 3220 862 3293 praescribit.

263 3364 790 3419 BENEDICTUS
839 3363 1041 3413 PAPA
1076 3362 1236 3412 XIV.

434 3494 504 3537 Ad
508 3502 738 3551 perpetuam
751 3489 812 3534 rei
824 3487 1049 3532 memoriam
1058 3515 1072 3528 .

386 3667 443 3711 est
457 3696 473 3719 ‚
486 3675 535 3711 ut
546 3670 832 3716 Orientalium,
846 3671 887 3711 &
900 3659 1229 3711 occidentalium

258 3605 356 3727 E
369 3610 409 3652 X
423 3623 508 3665 quo
521 3610 705 3668 lingulati
723 3610 798 3652 Dei
813 3603 1069 3664 providentia
1085 3602 1230 3645 fat‘tum

203 3743 206 3746 ·
257 3727 466 3773 Indiarum
480 3727 687 3782 Regiones
703 3732 874 3783 Europae
902 3725 1194 3770 innotescerent
1213 3748 1227 3773 ,

2020 162 2204 246 *119

1292 263 1524 331 Apostolica
1537 266 1676 331 Sancta
1691 267 1841 318 Sedes,
1856 285 1936 326 quae
1950 277 1998 316 ab
2014 279 2099 331 ἱρῆς
2118 287 2263 329 Ecde-

1292 323 1350 366 fiae
1363 323 1605 366 incunabilis
1618 322 1866 377 Evangelicae
1897 334 2055 374 veritati
2065 352 2081 376 s
2097 340 2262 385 lumen„

1287 384 1434 436 ubique
1462 380 1709 431 diffundere,
1733 383 1888 425 &illud
1921 389 1972 428 ab
1986 394 2093 432 omni
2117 401 2264 440 erroris

1286 442 1428 483 umbra
1444 443 1601 484 lervare
1616 443 1792 483 maximo
1808 442 1943 485 studio
1956 450 2132 498 curavit,
2150 452 2189 492 in
2211 455 2269 494 his

1287 513 1450 555 quoque
1477 498 1694 541 novistimis
1723 502 1971 554 temporibus
2000 506 2266 558 Evangelicos

1286 559 1507 612 Operarios
1521 559 1562 599 in
1576 558 1798 601 antedietas
1814 561 2018 613 Regiones
2039 563 2179 607 sedulo
2194 568 2268 607 mi-

1284 620 1328 659 stt
1345 631 1361 670 ;
1391 627 1437 660 ut
1469 616 1710 659 Idololatria
1744 616 1794 658 ibi
1817 617 1899 659 late
1924 618 2163 664 dominante
2181 620 2267 665 fun-

1284 679 1393 719 ditus
1406 674 1610 719 eradicata
1637 676 1870 718 Christiana
1888 678 2000 721 Fidei
2029 677 2164 722 semen
2189 697 2264 734 op-

1284 734 1456 794 portune
1488 734 1751 789 spargerent,
1776 746 1899 791 atque
1925 738 2138 781 horrentes
2173 740 2262 780 illos

1281 799 1319 839 δι
1338 793 1515 837 incultos
1530 807 1695 848 campos
1713 795 1751 836 in
1770 794 1923 837 fertiles
1950 797 2265 852 florentesun

1283 857 1434 901 vineas,
1453 853 1675 894 uberrimos
1690 863 1846 896 aeternae
1862 853 1950 896 vitae
1972 854 2124 900 fruetus
2147 856 2268 898 datu·

1283 929 1346 958 ras
1360 921 1684 956 commutarent.
1713 914 1774 955 Ex
1792 915 2045 970 Regionibus
2059 926 2195 959 autem
2217 915 2269 957 il·

1283 974 1333 1017 lis
1347 1002 1361 1024 ‚
1377 984 1476 1028 quas
1492 971 1632 1015 sanna
1644 971 1769 1015 Sedes
1785 986 1861 1027 pr:
1875 976 2030 1017 ceteris
2057 986 2153 1018 ante
2166 986 2269 1019 ocu·

1284 1033 1346 1074 los
1360 1031 1526 1079 habuit,
1554 1027 1629 1072 fuit
1646 1027 1829 1085 profedw
1853 1032 2132 1086 ampliffimum
2150 1031 2267 1076 Sina-

1285 1104 1374 1134 rum
1390 1089 1640 1144 Imperium,
1658 1090 1795 1145 inquo
1820 1090 1984 1146 quidem
2014 1093 2150 1147 negari
2183 1105 2265 1133 non

1284 1148 1412 1207 potest
1428 1147 1550 1202 ,quin
1567 1148 1795 1191 Christiana
1826 1149 1941 1192 Fides
1973 1149 2198 1206 progreffus
2214 1152 2270 1192 in.

1283 1218 1418 1263 gentes
1436 1203 1576 1248 fecerit
1593 1233 1608 1256 ,
1627 1207 1745 1261 longe
1772 1207 1895 1248 etiam
1915 1208 2087 1262 majores
2106 1207 2273 1260 tactura,

1281 1266 1351 1310 nili
1369 1273 1508 1309 coorta
1523 1264 1629 1305 inter
1643 1265 1899 1320 Operariosi
1921 1268 2058 1309 Sancta
2088 1268 2188 1311 Sede
2219 1267 2272 1310 il-

1283 1323 1350 1368 luc
1363 1320 1495 1366 miffos
1510 1321 1666 1365 diffidis
1680 1322 1838 1367 cursum
1853 1325 2147 1370 intercidiffent
2162 1355 2175 1367 .
2261 1323 2263 1326 ’

1425 1381 1684 1425 Occafionem
1713 1382 1878 1426 diffidiis
1911 1384 2108 1440 ejusmodi
2142 1384 2271 1427 dede·

1282 1450 1378 1486 runt
1408 1442 1682 1483 Coeremoniae
1705 1442 1884 1497 quaedam
1899 1471 1914 1493 ,
1937 1445 1978 1485 δι
2009 1445 2126 1486 Ritus
2143 1471 2156 1494 ,
2181 1444 2275 1499 qui.

1283 1503 1356 1545 bus
1372 1499 1550 1542 Sinenses
1563 1500 1612 1542 ad
1632 1498 1881 1542 Confucium
1902 1502 2215 1557 Philosophum,
2231 1503 2272 1544 8ι

1284 1558 1459 1614 Maiores
1487 1558 1574 1601 suos
1604 1559 1825 1601 honoribus
1868 1560 2171 1616 prosequendos
2208 1561 2270 1601 uti

1283 1617 1576 1662 consueverunt
1594 1628 1713 1658 :cum
1731 1616 1911 1659 nonnulli
1939 1632 1989 1661 ex
2006 1617 2271 1660 Mtffionariis

1282 1675 1575 1720 contenderent
1589 1700 1604 1723 ‚
1618 1687 1683 1717 eas
1698 1672 1772 1718 effe
1795 1677 2080 1719 Coeremonias
2098 1703 2113 1727 ‚
2136 1678 2174 1719 &
2197 1679 2273 1720 Ri-

1282 1748 1347 1779 tus
1367 1739 1476 1777 mere
1487 1733 1631 1777 civiles
1649 1762 1662 1785 ,
1679 1735 1864 1790 adeoque
1877 1735 2163 1779 concedendos
2194 1738 2239 1778 iis
2254 1763 2272 1788 ,

1281 1796 1349 1854 qui
1366 1794 1508 1838 relitfito
1525 1791 1736 1837 idolorum
1755 1795 1873 1837 cultu
1892 1795 2157 1838 Christianam
2190 1796 2268 1837 Rc·

1285 1856 1476 1909 ligionem
1504 1851 1876 1906 amplectebantur3
1899 1864 2044 1897 eontra
2073 1855 2169 1897 veto
2194 1853 2266 1896 alii

1283 1927 1351 1957 eos
1367 1938 1382 1960 ‚
1398 1922 1542 1965 utpote
1556 1911 1872 1965 superstitionem
1887 1912 2062 1963 olentes,
2082 1911 2161 1955 stne
2177 1926 2272 1967 gra·

1287 1971 1325 2012 vi
1360 1969 1586 2023 Religionis
1611 1968 1758 2022 injuria
1781 1972 1965 2021 permitti
1997 1970 2117 2014 nullo
2141 1971 2268 2014 modo

1286 2026 1392 2085 poffe
1404 2025 1616 2070 affererent
1627 2052 1638 2065 -
1658 2029 1759 2085 Qae
1772 2028 1863 2070 sane
1875 2029 2156 2072 controverfiae
2166 2030 2274 2072 mul-

1286 2089 1339 2130 tis
1353 2086 1466 2127 annis
1482 2085 1724 2138 apostolica
1750 2087 1862 2128 Sedis
1887 2102 2028 2130 curam
2058 2085 2270 2130 &sollici—

1286 2145 1470 2188 tudinem
1487 2143 1538 2185 ad
1556 2142 1593 2183 sc
1607 2145 1726 2184 traxit
1739 2154 1857 2186 scum
1871 2144 1913 2186 id
1929 2146 2101 2187 maxime
2116 2156 2273 2198 caveat,

1283 2216 1333 2245 ne
1344 2201 1502 2242 zizania
1526 2203 1566 2242 in
1585 2214 1684 2255 agro
1701 2201 1921 2243 Dominico
1948 2203 2103 2246 radices
2124 2215 2245 2260 agant
2261 2230 2275 2253 ‚

1283 2271 1351 2303 aut
1365 2287 1380 2312 ,
1394 2261 1420 2300 fi
1435 2257 1545 2301 forte
1559 2260 1718 2314 egerint
1733 2272 1811 2310 ,ec
1823 2289 1839 2310 ,
1852 2262 1974 2316 quam
1993 2262 2081 2304 cito
2100 2260 2183 2306 fieri
2201 2277 2274 2319 po·

1288 2319 1363 2363 test
1380 2346 1394 2370 ,
1409 2317 1643 2362 evellantur
1657 2345 1670 2358 .

1400 2379 1536 2420 Primo
1559 2377 1695 2431 itaque
1710 2376 1758 2419 ad
1772 2378 1917 2421 Sanctae
1933 2379 2045 2422 Sedis
2076 2379 2271 2424 Tribunal

1290 2435 1461 2482 Causam
1478 2439 1574 2478 hanc
1591 2435 1825 2479 detulerunt
1842 2438 1868 2477 ii
1880 2463 1895 2485 ‚
1920 2453 1986 2489 qu·
2005 2442 2275 2495 Cercmonias

1294 2498 1385 2541 illas
1398 2523 1412 2541 ς
1426 2497 1466 2538 δι
1481 2497 1600 2538 Ritus
1614 2496 1770 2536 §inicos
1794 2494 2069 2550 superstitione
2090 2499 2269 2540 imbutos

1290 2555 1617 2612 suspicabantur.
1647 2559 1776 2609 ,super
1804 2555 1882 2596 illis
1905 2556 2028 2597 dubia
2046 2556 2271 2599 nonnulla-1

1290 2615 1495 2670 proposita
1513 2610 1675 2655 fuerunt
1694 2615 2020 2668 Congregationi
2050 2615 2103 2657 de
2119 2619 2271 2667 Propa-

1293 2670 1425 2727 ganda
1445 2670 1569 2718 Pide,
1597 2683 1684 2724 que
1710 2684 1819 2714 enno
1838 2672 1959 2722 1645.
1987 2671 2268 2726 comprobavit

1292 2727 1478 2784 responsa
1506 2741 1550 2770 ac
1577 2726 1797 2770 deciiiones
1831 2728 2136 2782 theologorum
2158 2755 2174 2777 s
2203 2730 2273 2783 qui

1290 2786 1553 2844 Ceremonias
1568 2787 1609 2827 δι
1627 2786 1742 2827 Ritus
1757 2783 1914 2827 eosdem
1933 2786 2269 2839 superstitionm,

1290 2860 1437 2892 revera
1462 2840 1631 2888 infestos
1652 2843 1915 2901 judicarunt.
1944 2845 2127 2888 Proinde
2149 2848 2270 2887 lnno-

1288 2906 1445 2951 centius
1466 2907 1571 2959 Papa
1589 2905 1640 2945 Χ.
1666 2904 1716 2944 ad
1734 2899 1902 2958 praefatae
1927 2904 2267 2959 Congregationis

1290 2978 1432 3023 preces
1449 2992 1464 3014 ,
1489 2963 1672 3005 omnibus
1685 2963 1726 3004 δι
1741 2961 1899 3017 lingulis
1925 2961 2182 3018 Miffionariis
2197 2962 2267 3006 sub

1291 3039 1397 3082 pena
1409 3023 1842 3064 excommunicationis
1871 3020 1961 3063 late
1976 3019 2182 3064 sententia·
2196 3051 2210 3074 ,
2224 3024 2273 3064 st·

1291 3086 1331 3127 b’t
1348 3111 1362 3134 ,
1377 3095 1424 3124 ac
1441 3082 1585 3135 Sancta:
1600 3080 1692 3122 Sedi
1709 3081 1914 3123 reservatae
1929 3109 1943 3130 ‚
1969 3081 2175 3123 mandavit
2192 3108 2205 3131 ,
2225 3089 2270 3122 ut

1296 3140 1479 3195 responsa
1496 3152 1544 3182 ac
1558 3137 1778 3182 decifiones
1793 3139 1998 3197 praediftas
2011 3142 2178 3181 omnino
2193 3140 2270 3180 ob·

1296 3201 1533 3249 servarent,
1559 3195 1703 3252 easque
1731 3199 1782 3241 ad
1810 3198 1963 3254 praxim
1991 3197 2269 3245 deducerent,

1297 3257 1514 3358 doneesfibi
1540 3258 1581 3298 δι
1605 3256 1846 3313 Apostolicae
1860 3255 1953 3300 Sedi
1987 3256 2108 3298 aliter
2143 3256 2267 3298 visum

1296 3332 1377 3361 non
1393 3332 1415 3360 e
1445 3326 1511 3358 et.

1413 3371 1568 3418 vestim
1583 3373 1704 3428 pauli>
1717 3373 1800 3429 post
1813 3374 1862 3416 ab
1878 3371 1968 3413 aliis
1982 3370 2153 3423 ejusdem
2172 3370 2268 3413 Mis-

1294 3434 1413 3478 fiouis
1426 3433 1634 3487 Operariis
1657 3433 1732 3474 alia
1744 3433 1864 3474 dubia
1878 3429 1931 3470 de
1947 3427 2084 3472 iisdem
2102 3430 2267 3474 Ritibus

1294 3490 1606 3548 &Ceremoniis
1632 3491 1788 3544 ipfimet
1813 3487 2132 3543 congregationi
2159 3487 2267 3533 dm

1293 3547 1564 3605 Propaganda
1580 3547 1677 3589 Fide
1690 3544 1858 3590 fuerunt
1874 3546 2053 3589 exhibita
2071 3572 2085 3594 ‚
2098 3561 2147 3589 ex
2177 3548 2268 3602 qui·-

1294 3612 1367 3653 bus
1383 3605 1732 3663 Ceremoniaeipsae
1746 3634 1760 3656 ‚
1782 3601 1978 3659 Ritusque
2002 3604 2154 3647 nullam
2172 3605 2211 3647 in
2229 3603 2266 3646 sc

1288 3665 1601 3722 superstitionem
1617 3665 1762 3706 habere
1777 3662 2030 3706 videbantur.
2042 3663 2265 3720 Negotium

1286 3726 1424 3781 itaque
1449 3719 1678 3778 hujusmodi
1712 3723 1761 3765 ab
1788 3721 2021 3765 Alexandro
2041 3725 2147 3780 Papa
2165 3724 2262 3771 v11.

2131 3785 2204 3826 Sa-
