2496 4172
1077 148 1510 267 Apostolica
1531 219 1547 236 .

305 291 397 339 Tibi
411 292 719 338 conscribendas
740 294 965 338 duxerunt.
999 296 1062 339 Ex
1086 294 1271 337 omnibus

301 354 473 405 praefatis
492 354 656 396 Litteris
669 354 829 423 abunde
854 356 1073 408 cognosces
1098 363 1272 410 quanto-

302 415 718 521 {550203125‘33353
723 422 994 526 ‘iz'ssffiiz'ff
1011 409 1270 527 32323‘322

302 534 416 580 cordi
433 535 506 585 fit,
531 539 577 576 ut
592 530 704 574 illata
716 541 841 585 nuper
871 530 1061 572 Armenis
1085 530 1274 574 Catholi-

302 586 1272 702 ⁶⁵5n::xristiziaigsssszssiisrsssss·

303 669 327 698 n
614 675 627 690 ·
1253 674 1273 684 -

302 721 540 767 eupatorum
574 736 590 758 ‚
619 706 740 750 Teflis
769 706 809 747 in
830 706 1045 748 Provincia
1081 708 1272 763 Georgiae

299 766 638 816 commorantibus
655 762 877 820 graviffima
891 763 1038 820 injuria
1061 764 1271 815 sarciatur,

299 830 379 887 ejus
404 827 640 874 Authores,
667 823 855 866 nimirum
885 823 1168 869 Schistnaticus
1195 828 1272 870 Pa-

298 887 475 931 triarcha
490 887 694 927 Armenus
709 881 762 926 de
776 881 1006 926 Eczmiarin
1024 912 1038 935 ,
1051 886 1090 927 δι
1104 883 1268 939 quidam

298 949 429 992 Minas
446 940 656 988 Vartabiet
682 971 698 993 ,
726 956 909 998 congrua
932 943 1270 988 animadverfione

299 1005 540 1062 plectantur,
554 1013 600 1042 ac
615 1000 776 1045 tandem
792 1001 913 1044 iidem
926 1003 1092 1046 Armeni
1106 1004 1267 1046 Catho-

298 1065 366 1108 lici
382 1093 398 1115 ,
411 1065 451 1105 δι
464 1058 695 1103 Miffionarii
714 1060 952 1104 Clementiae
979 1061 1075 1104 Tun
1093 1062 1271 1118 patroci-

301 1123 367 1167 nio
381 1123 435 1164 ita
450 1119 645 1176 'gaudeant
662 1148 677 1170 ,
693 1127 736 1162 ut
759 1118 868 1162 nulla
895 1119 947 1163 de
963 1131 1108 1166 coetero
1121 1130 1270 1164 contu·

300 1182 419 1225 melia
433 1182 454 1222 ti
471 1191 676 1235 quoquam
692 1177 834 1220 violari
854 1175 997 1232 poffint
1009 1180 1091 1232 ,65
1106 1192 1185 1236 qua
1201 1193 1271 1235 par

299 1239 371 1286 est,
387 1240 591 1289 libertate,
602 1239 640 1280 &
656 1236 954 1293 tranquillitate
969 1239 1177 1292 potiantur
1193 1265 1205 1277 .
1222 1237 1269 1279 ld

297 1313 424 1356 porro
439 1298 503 1338 ubi
521 1296 702 1352 prestare
714 1294 956 1351 dignaberis,
969 1294 1267 1352 quemadmodii

295 1360 384 1400 Nos
409 1357 556 1398 iterum
585 1356 606 1396 i
631 1356 691 1398 're
705 1354 967 1398 vehementer
994 1354 1270 1412 postulamus,

292 1428 342 1458 ac
360 1414 411 1457 de
436 1414 637 1469 perspeela
663 1413 782 1457 animi
808 1413 865 1456 tui
895 1414 1109 1468 equitate,
1129 1415 1272 1456 &ma-

294 1470 510 1529 gnitudine
523 1497 538 1520 ‚
558 1471 685 1515 Nobis
710 1471 835 1516 etiam
861 1475 976 1518 certo
994 1473 1271 1528 pollicemur,

297 1545 385 1575 rem
411 1529 503 1573 sano
529 1526 652 1573 facies
669 1530 798 1574 Nobis
813 1542 885 1582 ‚ac
901 1534 1132 1585 memoratis
1150 1530 1267 1573 Prin-

290 1590 446 1646 cipibus
463 1587 709 1645 summopere‘
723 1598 933 1646 acceptam
945 1614 960 1638 ,
986 1602 1263 1633 communem·

289 1663 371 1707 que
387 1647 558 1691 nostram
588 1647 838 1691 voluntatem
870 1646 1262 1703 Tibimaioremin.»

287 1706 452 1752 modum
475 1705 726 1763 obstringes.
756 1704 883 1766 Qod
901 1704 1088 1762 superest,
1104 1709 1163 1751 Te
1190 1707 1265 1749 im·

291 1765 417 1825 pense
446 1778 656 1822 rogamus,
680 1774 725 1808 ut
752 1764 941 1821 prediolo
961 1766 1149 1811 Barnabc
1167 1766 1264 1821 Epi·

289 1828 429 1882 scopo,
447 1824 505 1867 his
530 1823 583 1867 de
609 1824 731 1867 rebus
745 1821 972 1877 differenti,
981 1837 1126 1882 pronas
1152 1824 1266 1868 beni·

294 1885 467 1940 gnasque
479 1895 594 1924 aures
615 1883 790 1938 prebere
806 1881 937 1930 velis,
960 1883 1057 1927 dum
1084 1887 1172 1928 Nos
1193 1886 1266 1928 Dl-

294 1943 429 1985 vinam
444 1941 668 1985 bonitatem
681 1940 803 1982 enixis
827 1938 936 1982 votis
962 1940 1169 1986 obsecrare
1184 1955 1266 1985 non

290 2001 542 2050 detinemus,
571 2008 615 2042 ut
643 1997 943 2041 Cellitudinem
969 2000 1099 2043 Tuam
1116 1999 1261 2041 incolu-

291 2073 398 2102 mem
420 2057 553 2102 servet
567 2058 784 2112 ,omnique
799 2055 998 2100 felicitate
1022 2059 1238 2102 florentem
1252 2084 1264 2100 .

409 2119 558 2162 Datum
586 2117 724 2159 Rome
751 2115 859 2170 apud
889 2115 1072 2159 Sanflam
1098 2118 1265 2160 Mariam

287 2175 487 2233 Maiorem
511 2175 580 2218 sub
607 2173 768 2217 Annulo
799 2171 1004 2223 piscatoris
1025 2175 1092 2218 die
1110 2189 1183 2216 xvi
1198 2187 1213 2215 1
1228 2187 1262 2214 r.

288 2235 499 2282 Februarii
516 2244 671 2277 moecx
680 2245 694 2275 t
704 2229 1013 2276 10Pontificatiis
1026 2232 1165 2278 Nostri
1178 2234 1261 2276 An-

285 2307 342 2339 no
356 2294 530 2337 Decimo
544 2304 657 2333 nono
667 2318 682 2333 .

343 2411 490 2463 Anng.
503 2410 547 2448 ie
566 2406 685 2451 areb.
707 2409 863 2448 secret.
876 2411 994 2451 Brev.
1022 2408 1073 2451 ad
1105 2407 1263 2453 Princi-

400 2466 509 2525 cipes
526 2468 621 2522 ἃς.
634 2464 756 2523 uns-⁸
769 2464 823 2514 ά·
839 2466 1157 2526 σιμοί-[013
1169 2483 1203 2525 ¹.-

288 2671 508 2771 l’rineipis
543 2697 690 2751 Teflis
716 2699 974 2766 equitatem
999 2738 1016 2762 ‚
1049 2720 1141 2772 qua
1168 2699 1267 2754 solo

357 2785 551 2841 aequatas
573 2768 818 2822 Ecclesiam
848 2771 896 2824 ἀ
924 2777 1133 2825 Domum
1151 2771 1266 2823 Mis-

357 2841 666 2923 fionariorum.
679 2877 695 2902 ,
713 2840 1118 2911 schismaticorum
1150 2842 1267 2895 sum-

357 2912 510 2980 ptibus
543 2910 666 2963 refici
692 2910 899 2965 decrevit
923 2949 940 2973 ,
971 2913 1180 2968 laudibus
1207 2911 1267 2967 ef-

354 2981 1268 3127 3231ssgggssgfflbfffissgguda.

289 3171 450 3231 illustri
460 3203 474 3227 ,
489 3186 535 3214 aec
550 3172 684 3217 Nobili
704 3176 818 3228 mo,
850 3176 1031 3221 Vaktaenk
1043 3203 1058 3227 ,
1086 3154 1266 3234 biuripi

480 3231 591 3291 Tcflis
613 3237 658 3275 ln
676 3233 880 3278 Provincs‘a
899 3237 1077 3293 Geoezlae

289 3354 756 3405 CLEMENS
825 3354 1074 3404 PAPA
1145 3357 1259 3418 x12

377 3471 545 3517 waaris
559 3469 612 3519 &-
627 3467 776 3535 Nobilis
811 3466 876 3512 Vir
899 3470 1064 3514 aetutem
1077 3501 1093 3525 ,
1121 3484 1168 3516 ac

515 3532 647 3574 lumen
665 3532 821 3574 Divtnae
847 3532 1006 3573 Gratia·
1019 3557 1032 3572 .
1178 3557 1182 3561 -

397 3646 619 3691 XLitteris
648 3649 903 3694 Venerabilis
932 3647 1085 3692 Fratris
1114 3649 1260 3692 Barna-⁸

418 3706 474 3746 bae
488 3707 698 3764 ‚Episcopi
725 3708 1023 3764 Aspahamenfis
1037 3736 1051 3759 ‚
1068 3706 1263 3762 peculiari

287 3776 378 3803 cum
394 3765 514 3806 animi
529 3766 649 3810 nostri
678 3768 825 3811 solatio
848 3781 975 3824 nuper
997 3766 1223 3831 audivimus
1248 3791 1266 3814 ,

2067 197 2236 284 245

1331 294 1603 338 Nobilitatem
1642 298 1772 339 Tuam
1813 304 1947 354 agnita
1983 306 2170 360 injustitia
2201 314 2295 352 dirae

1331 353 1642 410 persecutionis,
1669 369 1788 410 quam
1814 359 2096 405 Schismaticus
2123 368 2301 408 Patriar-

1331 415 1403 455 cba
1417 417 1619 456 Armenus
1630 412 1683 455 de
1697 415 1985 464 Eczmiarim&
1997 421 2156 472 quidam
2172 425 2300 463 Minas

1331 471 1566 524 Vartabiet,
1588 472 1868 526 implacabiles
1893 476 2096 518 Catholici
2129 481 2303 521 nominis

1330 530 1486 584 hostes,
1500 531 1540 572 in
1561 529 1788 587 Religiosos
1805 529 2065 575 Miffionarios
2085 548 2133 575 ex
2149 538 2305 577 Ordine

1333 589 1521 632 fratrum
1535 589 1742 632 Minorum
1756 589 1891 634 Saneti
1912 589 2110 633 Francisci
2127 594 2306 644 Capuci-

1334 662 1480 692 norum
1494 659 1818 704 nuncupatorum
1832 678 1849 701 ,
1876 650 1918 690 δι
1935 652 2138 692 Armenos
2150 651 2308 692 Catho-

1334 707 1433 749 licos
1450 707 1564 751 isthic
1578 708 1770 764 degentes
1788 708 2002 762 praeteritis
2027 706 2218 751 mensibus
2236 722 2307 750 ex-

1331 766 1534 820 citamur,
1555 766 1654 823 justa
1679 767 1955 826 indignatione
1979 777 2225 811 commotam
2250 768 2305 808 ita

1331 824 1468 875 fuiffe‚
1494 838 1539 869 ut
1554 826 1774 870 admodum
1802 826 2037 882 propensam
2065 826 2102 868 se
2125 825 2310 870 ostende·

1329 886 1386 929 rit
1401 886 1451 929 ad
1473 899 1522 929 ea
1537 885 1810 938 decernenda,
1827 899 1899 941 per
1914 898 2000 941 qun
2016 883 2212 941 ejusmodi
2228 884 2308 927 ini-

1329 958 1416 1002 quae
1431 945 1656 989 vexationis
1671 946 1880 989 Anthou-es
1894 974 1910 997 ,
1923 944 2190 1001 &participes
2207 956 2308 986 con·

1331 1004 1442 1060 gruis
1469 1001 1697 1048 afficiantur
1725 1004 1886 1060 poenis‚
1909 1004 1950 1047 &
1974 1004 2026 1047 ad
2059 1002 2304 1046 sarcienda„

1329 1063 1623 1118 quamprimum
1638 1062 1753 1105 illata
1779 1061 1926 1107 damna
1940 1090 1954 1114 ,
1970 1062 2187 1119 prasertim
2207 1063 2305 1105 vero

1330 1124 1381 1167 ad
1400 1120 1620 1164 Ecclesiam
1635 1123 1676 1164 &
1689 1123 1872 1166 Domum
1896 1121 2136 1166 eorumdem
2154 1118 2311 1165 Minio·

1332 1181 1539 1224 uariorum
1554 1193 1682 1235 ,quas
1696 1194 1769 1237 per
1792 1179 1984 1224 summam
2007 1180 2192 1238 injuriam
2222 1178 2310 1223 solo

1330 1235 1541 1294 aquirunt
1569 1262 1584 1286 ,
1620 1239 1795 1295 propriis
1821 1239 2040 1294 sumptibus
2066 1235 2310 1282 reficiendas

1330 1296 1632 1352 compellantur
1644 1323 1658 1338 .
1676 1297 1755 1338 Etsi
1769 1306 1904 1338 autem
1926 1296 1979 1339 de
1995 1299 2179 1353 equitate
2205 1307 2275 1339 tua
2289 1321 2306 1345 ,

1331 1355 1588 1411 benignoque
1614 1366 1710 1409 erga
1736 1355 2023 1398 Orthodoxam
2048 1356 2308 1411 Religionem

1331 1417 1468 1457 animo
1480 1415 1584 1459 adeo
1598 1413 1788 1470 preclare
1806 1413 2043 1461 sentiamus,
2059 1425 2101 1456 ut
2118 1415 2168 1455 ad
2188 1412 2309 1454 susci-

1331 1473 1520 1530 piendum
1539 1484 1621 1516 tam
1646 1469 1864 1515 neceffario
1886 1482 2074 1529 tempore
2105 1472 2308 1514 innocen-

1327 1532 1389 1575 tlae
1410 1533 1700 1588 patrocinium,
1715 1532 1857 1573 alienis
1884 1530 2051 1574 stimulis
2075 1532 2136 1574 Te
2153 1542 2308 1586 nequa-

1324 1604 1449 1648 quam
1477 1591 1663 1646 indigere
1698 1590 1945 1634 arbitremur
1973 1616 1987 1639 ,
2013 1588 2228 1634 pastoralis
2253 1598 2311 1632 ta-

1324 1663 1418 1694 men
1431 1648 1705 1694 Officii-nostri
1720 1648 1956 1703 impellente
1977 1646 2129 1696 debito,
2144 1646 2310 1689 Nobili-

1328 1720 1458 1754 tatem
1493 1710 1624 1754 Tuam
1649 1707 1689 1750 in
1713 1705 1874 1763 profem
1902 1705 2019 1751 enixe
2037 1705 2275 1762 requirimus
2293 1733 2309 1756 ,

1323 1783 1369 1812 ac
1382 1767 1630 1811 obtestamur
1642 1793 1658 1817 ,
1685 1776 1731 1811 ut
1750 1776 2000 1811 memoratos
2017 1764 2312 1818 Patriarcham,

1326 1828 1555 1877 Vartabiet,
1567 1823 1723 1881 illisque
1738 1824 1987 1870 adherentes
2003 1823 2142 1882 inligni
2167 1823 2303 1880 aliqua

1323 1884 1674 1931 animadverfione
1699 1882 1848 1939 plenas
1874 1911 1888 1935 ,
1926 1884 2143 1940 omniaque
2169 1883 2303 1925 detri-

1327 1956 1462 1988 menta
1474 1970 1490 1992 ,
1507 1957 1590 2001 quae
1605 1953 1692 1987 tum
1710 1941 1941 1986 Millionarii
1955 1970 1971 1993 ‚
2001 1952 2084 1985 tum
2100 1941 2218 1987 etiam
2237 1940 2307 1983 alii

1328 2004 1538 2049 Catholici
1567 2001 1740 2059 praedieti
1761 2001 1966 2044 immerito
1993 1998 2084 2055 palli
2111 2000 2273 2043 suerunt
2290 2023 2304 2048 ‚

1325 2077 1399 2119 per
1415 2076 1486 2107 eos
1497 2060 1791 2117 quamprimum
1809 2058 1985 2113 reparari
2001 2071 2116 2105 cures
2132 2086 2148 2109 ,
2167 2071 2214 2100 ac
2229 2058 2308 2102 de-

1323 2135 1434 2165 mum
1452 2119 1629 2176 ipsorum
1646 2116 1826 2163 furorem
1839 2118 1880 2162 &
1893 2117 2099 2161 audaciam
2113 2116 2300 2160 authori-

1323 2190 1406 2223 tate
1425 2181 1509 2222 'l'ua
1529 2181 1584 2220 ita
1599 2180 1790 2222 coerceas
1805 2185 1876 2228 ,ut
1894 2174 1995 2219 nihil
2023 2176 2307 2232 inposterum-⁴

1321 2246 1464 2280 contra
1511 2235 1773 2279 Catholicam
1808 2233 2062 2289 Religionem
2088 2262 2104 2285 ,
2149 2231 2307 2288 eiusque

1324 2293 1569 2342 Profeflores
1594 2303 1796 2338 attentare
1823 2292 2086 2348 presumant.
2116 2291 2216 2351 Qi
2239 2306 2305 2334 ra-

1323 2356 1437 2399 tione
1450 2368 1532 2398 non
1552 2354 1682 2398 Nobis
1701 2351 1856 2395 tantum
1872 2377 1886 2399 ,
1900 2350 1969 2394 sed
1986 2351 2109 2394 etiam
2123 2347 2306 2394 sublimi·

1323 2416 1398 2459 bus
1413 2413 1647 2458 Christianae
1667 2410 1913 2469 Reipublicae
1927 2410 2181 2467 Principibus
2195 2438 2210 2462 ‚
2224 2408 2297 2466 qui

1323 2474 1427 2517 datis
1440 2473 1489 2518 ad
1506 2473 1718 2518 Persarum
1747 2473 1904 2527 Regem
1922 2469 2088 2518 litteris,
2101 2470 2154 2515 de
2168 2467 2302 2523 hujus-

1323 2532 1437 2576 modi
1451 2532 1728 2588 persecutione
1750 2529 1933 2586 graviter
1960 2528 2163 2583 conquesti
2179 2526 2269 2571 sunt
2288 2554 2302 2577 ,

1326 2605 1412 2635 rem
1426 2591 1683 2646 gratiffimam
1700 2588 1820 2645 plane
1835 2586 1979 2631 feceris
1989 2615 2003 2631 .
2016 2587 2069 2631 Α·
2082 2586 2217 2631 Nobis
2232 2599 2304 2628 au-

1327 2659 1410 2693 tem
1424 2676 1438 2699 ,
1454 2647 1781 2704 quotiescumque
1795 2645 1952 2688 occafio
1976 2644 2158 2702 suppetet
2189 2643 2305 2687 satis-

1328 2706 1504 2751 faciendi
1522 2706 1672 2761 optatis
1687 2705 1765 2746 tuis
1782 2732 1798 2754 ,
1813 2715 2034 2759 congruam
2064 2700 2229 2759 prorsus
2246 2701 2303 2743 vi·-

1326 2781 1415 2810 cem
1433 2765 1526 2808 Tibi
1542 2765 1696 2822 poteris
1711 2760 1910 2818 polliceri.
1927 2760 2096 2803 interim
2116 2760 2214 2803 vero
2226 2762 2304 2803 Pa-

1327 2837 1435 2870 trem
1463 2824 1672 2867 Luminum
1695 2820 1958 2864 continenter
1987 2819 2191 2861 orabimus
2210 2845 2225 2868 ,
2255 2827 2301 2861 ut

1325 2884 1597 2931 Nobilitatem
1615 2883 1742 2927 Tuam
1755 2878 1824 2921 diu
1837 2878 2081 2921 incolumem
2104 2886 2271 2921 tueatur
2285 2903 2301 2926 ,

1325 2946 1450 3001 &per
1475 2942 1558 2985 vias
1576 2939 1789 2995 suas,qu2
1815 2935 1905 2981 sunt
1935 2936 2230 2986 misericordia,
2260 2935 2301 2979 &

1326 3003 1477 3048 veritas
1488 3028 1503 3050 ‚
1515 2996 1695 3047 feliciter
1715 2995 1865 3053 dirigat
1882 3025 1897 3040 .

1441 3063 1592 3106 Datum
1622 3061 1762 3105 Rome
1789 3054 1894 3112 apud
1922 3054 2104 3097 Sanflam
2130 3053 2301 3095 Mariam

1324 3121 1517 3175 Maiorem
1530 3118 1599 3161 sub
1613 3116 1781 3163 Annulo
1796 3113 1988 3157 Piscatori
1998 3127 2015 3155 s
2032 3114 2100 3157 die
2114 3126 2207 3155 xtv.
2226 3116 2299 3155 Se-

1325 3179 1521 3237 ptembris
1536 3190 1730 3223 uoccxx.
1747 3170 2009 3220 Pontifioetus
2022 3172 2164 3218 Nostri
2176 3174 2300 3216 Anno

1321 3238 1531 3297 Vigefimo
1544 3263 1557 3277 .

1377 3357 1565 3477 5³?sz
1586 3365 1648 3395 tv·
1665 3351 1787 3410 Epist·
1808 3350 1862 3403 ἀι
1889 3354 2008 3406 Brev.
2034 3348 2147 3404 Pape
2165 3344 2286 3404 pred

1454 3427 1476 3457 θ
1520 3426 1623 3470 ⁷73·

2092 3815 2238 3864 Mimo-
