2496 4172
1087 147 1519 270 Apostolica
1535 213 1554 236 .

302 322 383 365 gno
395 316 484 348 cum
499 301 746 347 Orthodoxae
760 298 872 344 Fidei
905 299 1156 342 incremento
1179 310 1278 353 prae-

300 368 403 410 stare
418 362 654 406 consuevisti
674 390 686 404 .
717 355 893 414 Huiusce
919 366 1054 400 autem
1077 354 1276 413 propensae

299 438 393 480 erga
411 425 471 466 Te
487 422 676 466 voluntas
693 416 898 476 praeclara,
914 415 981 459 ubi
996 413 1164 459 facultas
1181 413 1279 457 ade-

297 484 378 533 rit,
405 481 586 539 profecto
607 479 697 522 Tibi
725 490 800 520 non
815 475 987 517 deerunt
1013 482 1280 530 argumenta;

299 541 492 599 quicquid
516 539 622 582 enim
649 535 866 580 rationibus
897 533 977 575 tuis
1006 534 1276 578 conducere,

299 600 407 656 posse
421 598 691 656 reputabimus
704 623 718 647 ,
736 592 849 638 cordi
879 591 1016 648 utique
1032 593 1184 635 erimus
1202 591 1274 632 ha-

301 659 424 703 bituri
440 688 455 711 ,
468 654 767 709 curabimusque
779 649 995 708 prasertim
1009 664 1083 702 per
1096 650 1271 692 nostrum

297 720 338 762 in
357 715 604 772 Portugallia
622 711 822 757 Nuntium
835 735 849 759 ,
864 718 908 752 ut
927 709 1094 766 Angolae
1107 709 1270 752 Guber-

299 787 419 820 nator
449 785 581 819 tecum
608 769 872 814 amicabiliter
893 777 1013 822 agat,
1041 767 1270 822 nullamque

296 829 544 890 Principatui
559 838 631 874 tuo
644 826 860 872 molestiam
873 824 1033 876 inferat,
1051 826 1107 869 uti
1120 840 1168 870 ex
1185 827 1270 870 Lit-

295 893 393 935 teris
416 894 542 933 Sacra
565 886 903 944 congregationis
929 885 982 928 de
1000 884 1265 941 Propaganda

293 950 409 1000 Fide,
429 948 519 992 Tibi
525 946 606 1007 jam
619 941 831 989 innotuiffe
845 960 917 998 pro
933 946 1051 987 certo
1065 945 1269 987 habemus.

292 1009 360 1052 Ad
387 1019 491 1050 nova
515 1006 614 1048 vero
635 1003 798 1047 viciffim
821 1003 880 1047 Te
895 1002 1093 1047 consueta:
1107 1003 1269 1060 pietatis

293 1067 537 1110 documenta
561 1062 708 1107 eximie
735 1073 1001 1119 provocatum
1033 1062 1116 1117 jure
1153 1062 1269 1106 meri-

294 1135 341 1169 to
367 1125 494 1169 Nobis
516 1122 781 1178 pollicentes,
809 1122 1029 1166 Nobilitati
1048 1124 1142 1164 Tua:
1171 1135 1266 1176 prae·

296 1183 448 1227 dietum
465 1180 633 1225 Paulum
650 1181 914 1232 Franciscum,
931 1180 1147 1237 Sociosque
1162 1178 1267 1237 ejus-

299 1241 392 1284 dem
407 1242 551 1285 iterum
565 1266 578 1288 ‚
591 1241 819 1296 iterumque
837 1239 1164 1282 commendamus
1175 1266 1190 1289 ,
1207 1245 1267 1279 at-

297 1315 376 1356 que
387 1298 658 1355 Apostolicam
671 1297 993 1342 Benedietionem
1019 1303 1273 1354 peramanter

298 1359 576 1415 impertimur.

411 1418 559 1458 Datum
580 1415 726 1457 -Romae
752 1415 857 1471 apud
882 1415 1075 1459 Sanctum
1104 1415 1270 1459 Petrum

299 1474 372 1519 sub
414 1473 578 1518 Annulo
619 1470 834 1516 Piscatoris
869 1473 936 1516 die
984 1485 1000 1514 r
1014 1486 1049 1516 t.
1094 1473 1270 1516 Ianuarii

297 1546 523 1580 uoctxxvr
537 1529 838 1577 1.P0ntificatiis
851 1531 972 1576 nostri
983 1535 1107 1577 Anno
1114 1530 1270 1576 Primo·

349 1650 593 1767 Εκὲνσιῗὲεκ
623 1652 724 1696 Tam·
743 1666 782 1695 2·
796 1650 981 1694 Βητίων
1010 1649 1269 1706 Archpraed.

436 1723 499 1768 ag.
549 1724 584 1755 ι.

585 1830 875 1861 -“--
881 1841 1070 1859 ——
1076 1841 1269 1858 ——

295 1953 504 2009 Petrum,
518 1954 697 2018 Regem
713 1949 868 2018 Congi
883 1982 899 2007 ,
914 1947 976 1998 ob
994 1950 1166 2006 zelum,
1177 1965 1269 2014 quo

365 2022 526 2070 Fidem
543 2019 834 2071 catholicam
853 2052 870 2076 ,
896 2035 947 2066 ae
963 2016 1271 2081 Miffionarios

363 2092 410 2140 in
427 2089 504 2141 sua
516 2089 688 2142 ditione
704 2086 832 2139 fovet
845 2123 861 2145 ,
890 2087 1024 2137 laude
1039 2086 1268 2156 prosequi·

363 2179 441 2211 tur
458 2197 476 2220 ,
492 2163 622 2228 eique
637 2177 718 2227 per
734 2163 809 2209 Fr.
827 2154 1121 2209 Franciscum
1141 2159 1263 2206 Tici-

295 2275 298 2278 ,
366 2229 532 2281 nenstn
548 2230 752 2297 Regium
766 2225 989 2277 Diadema
1001 2260 1018 2283 ,
1049 2244 1102 2275 ac
1118 2242 1268 2293 preca-

361 2302 530 2349 toriam
559 2301 796 2349 Coronam
813 2329 830 2353 ,
865 2294 1171 2365 Indulgentiie
1197 2295 1265 2354 di,

363 2382 524 2428 ratam,
538 2366 663 2419 dono
680 2366 825 2416 mittit
837 2399 851 2415 .

323 2495 559 2556 charisimo
584 2494 627 2537 in
640 2492 798 2551 cbristo
810 2495 916 2537 Fmo
934 2492 1093 2550 Nostro,
1110 2497 1240 2550 Petro,

581 2553 702 2611 cangi
714 2554 812 2609 Regi
824 2551 981 2609 Wustrd

297 2675 756 2727 CLEMENS
827 2672 1087 2724 PAPA
1158 2675 1270 2724 XI.

338 2803 461 2848 Char}
479 2805 572 2845 sime
584 2804 628 2844 t‘n
643 2798 797 2844 Chr-ilio
813 2800 898 2843 Feli
909 2797 1245 2857 nosierfhlutem,

508 2859 768 2919 apstolicam
790 2857 1099 2902 Benediffionem
1115 2889 1128 2902 .

401 2993 633 3041 Ontifieiam
657 2993 827 3039 nostram
852 2993 1172 3038 benevolentiam
1202 2996 1274 3040 fin·-

419 3053 555 3110 gulari
569 3053 865 3110 quodammodo
879 3053 1012 3096 studio
1036 3054 1106 3096 fibi
1137 3058 1272 3099 conci-

296 3117 402 3163 liant
421 3114 574 3170 Reges,
598 3114 637 3154 Et
664 3113 869 3169 Principes
895 3111 985 3164 illi,
1009 3115 1091 3168 qui,
1102 3113 1172 3156 etfi
1186 3129 1274 3158 ma-

298 3175 403 3219 rium
418 3200 431 3222 ,
447 3188 492 3215 ac
509 3184 711 3215 terrarum
728 3171 888 3228 spatio&
904 3170 1037 3214 Nobis
1055 3171 1195 3228 longe,
1211 3173 1271 3215 la-

297 3233 423 3290 tique
438 3230 553 3276 divisi
568 3258 584 3284 ‚
596 3230 742 3273 Sancta
756 3238 892 3272 tamen
916 3230 1111 3272 Romana:
1123 3232 1274 3275 Eccle-

297 3293 361 3337 fiae
374 3290 584 3335 charitatis
599 3288 763 3332 vinculo
776 3316 791 3339 ‚
803 3289 842 3330 &
857 3286 972 3331 Fidei
996 3288 1151 3331 unitate
1175 3304 1273 3334 con-

298 3349 451 3408 jundii,
476 3357 522 3391 ut
549 3350 639 3392 Deo
667 3345 1033 3390 misericordiarum
1059 3346 1167 3389 Patri
1193 3374 1208 3397 ,
1233 3350 1275 3392 δι

299 3411 496 3454 bonorum
510 3406 688 3451 omnium
703 3404 872 3448 Auaori
887 3405 991 3460 grati
1014 3404 1090 3448 fint
1101 3415 1272 3462 propter

296 3466 446 3522 insigne
459 3462 697 3510 beneficium
730 3462 982 3518 Evangelicae
1003 3462 1130 3516 lucis,
1147 3478 1268 3519 quam

299 3523 325 3567 ὶ
341 3523 559 3579 Maioribus
572 3533 779 3580 acceptam
792 3520 989 3564 custodire
1015 3531 1266 3575 meruerunt,

301 3578 349 3624 ed
374 3581 498 3625 imbui
510 3583 685 3640 populos
699 3591 852 3636 ,atque
876 3579 1096 3630 Nationes,
1125 3581 1267 3634 quibus

297 3638 562 3683 dominantur
583 3669 600 3693 ,
629 3655 697 3685 eos
723 3653 790 3696 per
815 3639 922 3681 viam
952 3646 1106 3680 aeternae
1136 3637 1269 3682 salutis

297 3695 448 3751 deduci
473 3696 673 3753 gaudent,
697 3700 737 3740 δι
751 3707 890 3740 curant
904 3725 918 3748 ,
942 3712 989 3739 ac
1002 3695 1174 3753 proinde
1191 3699 1265 3740 Sa-

295 3767 387 3799 cros
401 3755 478 3798 Dei
499 3754 716 3806 Ministros,
730 3755 963 3800 Christianae
974 3754 1153 3799 veritatis
1166 3768 1267 3815 prae-

2078 196 2241 285 205

1338 309 1459 338 cones
1474 322 1489 346 ,
1516 306 1675 336 morum
1690 293 1946 342 Institutores
1961 329 1975 352 ,
1992 303 2205 361 disciplina:
2223 318 2313 356 Ma:

1337 354 1478 409 gistros
1492 382 1509 404 ,
1526 351 1797 394 Missionarios
1825 357 2080 408 Apostolicos
2092 389 2108 411 2
2135 367 2308 422 benigne

1338 414 1538 466 excipiunt
1550 439 1564 464 ,
1578 410 1782 453 favoribus
1798 413 2097 468 prosequuntur
2109 449 2124 470 ,
2138 426 2309 467 auetori..

1337 481 1425 515 tate
1438 469 1505 515 sua
1520 469 1675 518 fovent,
1689 484 1735 511 ac
1751 469 1905 525 juvant.
1919 473 2118 528 Majestati
2137 481 2308 535 itaun,

1337 533 1434 574 Tuae
1453 559 1469 584 ,
1480 543 1600 583 quam
1616 530 1693 571 hoc
1716 530 1852 570 animo
1866 528 1940 572 effe
1955 532 2200 585 audivimus,
2220 541 2313 580 ube.

1332 605 1394 634 res
1410 590 1571 646 paterni
1587 587 1706 631 nostri
1735 590 1886 630 amoris
1922 588 2227 644 fignificationes
2244 595 2315 636 de-

1332 649 1431 692 ferri
1449 648 1633 691 volumus
1648 661 1718 704 per
1730 646 1924 692 dilectum
1953 648 2099 691 Filium
2126 651 2313 707 Religio-

1331 708 1416 752 sum
1430 707 1856 759 Virum,Franciscum
1878 708 2203 760 Ticinenseni,ex
2230 715 2309 752 Or-

1330 768 1423 810 dine
1442 770 1627 810 Fratrum
1658 766 1866 809 Minor-um
1891 770 1932 810 S.
1949 766 2146 810 Francisci
2173 772 2312 824 Capu-

1329 827 1512 870 cinorum
1538 835 1860 880 nuncupatorum
1876 853 1890 876 ,
1905 825 2127 869 Miffionum
2151 827 2310 870 istarum

1329 883 1571 930 Praefectura
1585 884 1743 940 pridem
1769 882 1972 935 functum,
2002 899 2048 928 ac
2077 886 2173 929 istuc
2187 887 2311 929 modo

1330 954 1605 989 revertentem
1620 942 1714 1000 ,qui
1730 943 1860 986 Nobis
1887 954 2032 1000 praeter
2061 945 2197 1001 Regia:
2215 947 2313 988 Tuae

1331 1004 1462 1060 stirpis
1477 1004 1630 1046 decora
1644 1027 1658 1052 ,
1669 999 1834 1059 tuasque
1851 1002 1967 1060 ipfius
1993 1004 2219 1059 praestantes
2235 1005 2314 1047 do-

1331 1071 1419 1117 tes,
1438 1065 1513 1106 hoc
1547 1059 1672 1116 ipsum
1701 1071 1814 1105 tuum
1832 1063 1872 1105 in
1897 1063 2045 1106 Christi
2071 1063 2211 1107 fidem
2226 1092 2242 1115 ,
2272 1064 2313 1104 δι

1328 1124 1557 1166 Romanam
1572 1119 1788 1164 Ecclesiam
1802 1120 1958 1166 cultum
1970 1150 1985 1174 ,
1997 1136 2044 1165 ac
2057 1121 2312 1178 obsequium,

1329 1181 1370 1222 δι
1396 1178 1558 1223 filialem
1581 1179 1620 1220 in
1650 1182 1762 1232 Nos,
1791 1189 1914 1236 atque
1934 1180 2207 1237 Apostolicam
2239 1185 2313 1225 Se·-

1334 1237 1428 1280 dem
1444 1234 1757 1287 observantiam,
1769 1240 1971 1294 peculiare
1985 1240 2107 1281 etiam
2124 1240 2312 1291 studium,

1334 1309 1382 1339 ac
1395 1293 1729 1352 propeniionem,
1745 1296 1821 1350 qua
1845 1296 1902 1339 sui
1924 1296 2086 1338 Ordinis
2113 1296 2314 1342 Professo-

1332 1367 1413 1406 res,
1428 1352 1694 1398 Miffionarios
1725 1354 1985 1410 Apostolicos
1999 1384 2015 1406 ,
2029 1355 2280 1412 prosequeris
2294 1384 2308 1406 ,

1333 1412 1494 1471 prolixe
1510 1412 1640 1456 Nobis
1653 1413 1855 1469 exposuit.
1875 1416 1939 1458 Tu
1966 1415 2066 1458 vero
2082 1414 2242 1456 vicissim
2258 1415 2309 1456 ab

1332 1487 1382 1517 eo
1395 1472 1446 1516 ad
1473 1474 1534 1515 're
1546 1469 1747 1514 redeunte
1761 1500 1774 1523 ‚
1793 1487 1914 1530 quem
1946 1472 2166 1516 voluntatis
2183 1502 2196 1524 ,
2228 1474 2311 1516 ani-

1332 1532 1465 1587 mique
1490 1530 1617 1574 nostri
1642 1533 1913 1588 interpretem
1943 1531 2048 1588 apud
2078 1534 2136 1574 Te
2159 1532 2310 1575 consti-

1331 1590 1484 1633 tuimus
1501 1618 1518 1640 ,
1550 1588 1771 1644 percipies,
1797 1592 1917 1646 quim
1942 1591 2099 1634 enixea
2118 1594 2205 1632 Deo
2235 1604 2311 1646 po-

1329 1647 1518 1693 stulemus
1534 1657 1608 1698 ,ut
1622 1660 1715 1690 cum
1741 1646 1893 1699 salute,
1909 1662 1954 1689 ac
1982 1645 2204 1695 felicitate,
2237 1651 2310 1689 luae

1331 1709 1468 1766 gratiae
1483 1706 1732 1750 incrementa
1750 1708 1842 1751 Tibi
1861 1707 2055 1763 largiatur
2069 1733 2083 1756 ,
2104 1705 2311 1749 incendat-

1330 1780 1410 1825 que
1426 1765 1576 1821 semper
1598 1766 1720 1820 magis
1732 1780 1805 1809 cor
1820 1778 1936 1811 tuum
1953 1766 2048 1808 zelo
2060 1779 2311 1820 promoven-

1335 1827 1396 1870 dae
1410 1826 1450 1867 in
1467 1824 1545 1867 istis
1561 1826 1740 1880 partibus
1753 1825 1986 1869 Christiane
2004 1824 2116 1870 Fidei
2132 1854 2147 1878 ,
2178 1835 2220 1868 ut
2236 1836 2309 1881 pet·

1336 1886 1418 1931 haec
1431 1883 1557 1926 studia
1576 1894 1688 1926 tuum
1703 1883 1810 1940 apud
1836 1898 1928 1928 eum
1958 1885 2148 1928 meritum
2165 1897 2312 1928 cumu-

1335 1944 1395 1988 les
1409 1970 1424 1994 ,
1440 1941 1696 1997 amplamque
1709 1942 1938 1986 mercedem
1956 1942 2047 1986 Tibi
2061 1956 2191 1998 pares,
2209 1941 2307 1999 quai,

1331 2000 1417 2059 post
1432 2000 1635 2044 emensum
1650 1999 1768 2057 hujus
1786 2001 1877 2045 vitae
1889 1999 2086 2057 spatium,
2105 2000 2308 2056 perpetuo

1331 2059 1474 2104 fruaris
1489 2086 1504 2102 .
1535 2059 1681 2114 Pignus
1695 2071 1832 2103 autem
1846 2060 2138 2117 qualecumque
2159 2059 2309 2101 amoris

1331 2117 1452 2162 nostri
1481 2115 1558 2160 effe
1574 2118 1666 2161 Tibi
1681 2116 1867 2175 cupimus
1892 2117 2061 2173 Regium
2090 2116 2310 2168 Diadema,

1327 2174 1438 2232 quod
1465 2175 1603 2217 nostro
1628 2179 1793 2219 nomine
1816 2191 1886 2232 per
1910 2175 2097 2218 eumdem
2123 2174 2312 2230 Religio-

1327 2233 1412 2277 sum
1429 2233 1572 2276 Virum
1590 2234 1681 2276 ‘ribi
1704 2233 1810 2277 tradi
1840 2234 2113 2278 mandavimus
2128 2260 2140 2282 ,
2170 2234 2210 2275 δι
2239 2233 2306 2275 cui

1330 2291 1507 2350 pretium
1519 2291 1828 2336 conciliavimus
1858 2290 2069 2336 Pontificia
2093 2291 2228 2336 nostra
2243 2294 2312 2335 be-

1331 2350 1611 2396 nedietionein
1626 2350 1845 2406 auspicium
1872 2352 2072 2395 bonorum
2097 2353 2278 2394 omnium
2294 2379 2310 2401 ,

1329 2423 1414 2469 quae
1429 2409 1561 2454 Tibia
1577 2409 1667 2453 Deo
1693 2410 1871 2468 impense
1896 2423 2134 2466 precamur.
2162 2414 2307 2453 Munus

1329 2478 1522 2527 praeterea
1538 2471 1715 2512 Coronae
1730 2471 1991 2524 precatoriae,
2003 2468 2112 2526 quod
2134 2470 2225 2512 Tibi
2241 2469 2310 2510 iti-

1328 2530 1421 2574 dem
1434 2528 1680 2584 elargimur,
1694 2542 1783 2572 eum
1798 2529 1973 2584 appenso
2000 2530 2124 2570 Sacro
2143 2525 2310 2571 Numis-

1328 2598 1438 2631 mate
1448 2588 1717 2643 argentem&
1730 2598 1887 2642 gratum
1911 2588 2004 2629 Tibi
2031 2585 2120 2629 fore
2139 2585 2309 2628 confidi-

1331 2658 1447 2695 mus,
1472 2653 1617 2699 utpote
1642 2646 1813 2688 ditatum
1838 2644 2107 2700 Indulgentiis
2122 2673 2136 2695 ,
2152 2644 2311 2686 thesau-

1333 2705 1389 2747 ris
1403 2701 1554 2744 scilicet
1570 2702 1756 2746 Ecclefiae
1768 2731 1783 2754 ,
1799 2702 2010 2750 custodia,
2029 2715 2075 2743 ac
2105 2699 2309 2756 dispensa-

1332 2761 1435 2805 tioni
1450 2759 1587 2803 nostrae
1600 2760 1769 2814 desuper
1793 2760 2076 2810 demandatis,
2099 2770 2218 2814 prout
2243 2760 2302 2801 in·-

1332 2820 1494 2876 telliges
1525 2819 1548 2860 a
1582 2818 1748 2875 praefato
1783 2819 1984 2874 Religioso
2011 2819 2115 2860 Viro
2143 2844 2158 2865 ,
2189 2832 2309 2874 quem

1335 2893 1427 2923 eum
1457 2879 1613 2921 ceteris
1655 2876 1830 2931 ejusdem
1861 2878 2023 2921 Ordmis
2054 2875 2307 2919 Miffionariis

1336 2937 1429 2981 Tibi
1448 2938 1594 2989 etiam,
1615 2948 1736 2992 atque
1756 2936 1876 2979 etiam
1900 2936 2203 2979 commendatos
2219 2965 2235 2986 ,
2248 2936 2311 2977 in-

1331 2997 1438 3040 tuitu
1451 2996 1572 3039 etiam
1585 2998 1734 3043 nostro,
1748 2992 1825 3036 effe
1840 2995 2020 3051 cupimus
2028 3024 2044 3046 ,
2076 2996 2308 3051 iterumque

1333 3055 1531 3111 Maiestati
1556 3055 1653 3098 ‘ruae
1678 3053 1952 3109 Apostolicam
1981 3054 2309 3098 Benedit‘tionem

1334 3112 1594 3157 amantiffime
1618 3112 1893 3169 impertimur.

1450 3176 1602 3216 Datum
1629 3175 1765 3216 Romae
1792 3173 1895 3228 apud
1922 3175 2105 3215 Sanctam
2132 3173 2301 3214 Mariam

1333 3230 1530 3288 Maiorem
1546 3229 1617 3274 sub
1644 3231 1812 3274 Annulo
1828 3232 2035 3274 piscatoris
2051 3231 2116 3272 die
2146 3243 2208 3272 ιι.
2241 3232 2310 3271 lu-

1333 3291 1377 3334 lii
1409 3304 1588 3335 moccvt
1601 3306 1637 3334 1.
1662 3288 1926 3336 Pontificattis
1947 3288 2085 3333 Nostri
2105 3289 2226 3330 Anno
2240 3292 2308 3342 Se,

1332 3359 1463 3407 ptimo
1475 3380 1487 3391 .

1385 3469 1558 3524 Autogr.
1571 3470 1615 3509 in
1629 3466 1749 3510 Arch.
1765 3466 1795 3508 S
1796 3472 1912 3510 ecret.
1924 3463 2111 3507 Bra-vium
2123 3460 2175 3504 ad
2189 3462 2307 3506 Prin.¹

1444 3527 1552 3582 cipes
1557 3527 1724 3582 pag-78·
2172 3544 2179 3549 ·

2105 3814 2244 3857 Mariae
