2508 4218
926 187 1423 272 Praenotatio.
1943 237 1957 266 ,-
2002 223 2116 305 99

302 343 566 408 Proponant
581 371 597 394 ,
610 337 796 402 inquam
815 369 829 392 ,
842 331 1103 396 hujusmodi
1124 334 1262 381 Viros
1281 335 1428 380 Sacrae
1449 330 1812 396 congregationi
1841 333 1899 381 de
1919 338 2178 406 Propagan.·

162 413 223 464 da
251 411 359 461 Fide
391 427 470 478 per
506 403 945 458 Reverendiffimum
966 407 1144 453 Patrem
1175 405 1523 452 Procuratorem
1557 401 1832 447 Generalem
1849 406 2025 459 ,(nulli
2052 412 2175 458 enim

157 489 252 549 jam
296 479 610 531 Ministroru‘ffi
649 511 664 534 ‚
708 492 789 523 nec
831 477 969 524 etiam
1005 477 1239 536 Majorum
1270 472 1571 536 Superiorum
1619 468 1816 534 anplius
1860 476 2084 537 competit
2118 473 2181 523 fa..

165 556 308 604 cultas
339 548 588 600 destinandi
614 547 863 613 Operatios
888 545 946 594 ad
975 559 1124 612 partes
1156 540 1424 590 Miffionum
1452 575 1466 597 ,
1503 557 1600 605 quae
1635 536 1718 587 soli
1753 538 1886 587 distae
1916 543 2181 608 Congrega·

167 622 303 675 tionis
334 619 520 670 subsunt
549 620 677 684 juri)
699 649 715 674 ‚
757 614 804 666 ἃ
837 614 1068 671 mediate,
1092 614 1166 663 vel
1191 609 1454 660 immediate
1486 609 1542 657 ab
1574 609 1656 659 hac
1699 608 1943 659 destinatos
1980 608 2056 658 sua
2091 610 2184 658 san·

167 696 238 745 &a
265 692 603 747 benedictione,
621 687 787 738 merito
806 689 854 736 S.
873 684 1162 735 Obedientiae
1192 683 1430 750 Regularis
1447 717 1462 739 ,
1478 678 1720 747 dignisque
1751 681 1980 728 charitatis
2009 678 2177 728 officiis

165 766 439 815 comitentur
468 795 483 811 .
511 765 580 810 lta
615 771 771 808 autem
803 755 835 805 fi
865 756 1022 804 obviet
1047 756 1214 803 Fratris
1245 753 1445 801 libertati
1483 755 1658 800 rectum
1681 750 1908 814 judicium
1950 750 2178 799 Ministro·

163 831 268 885 ssim
289 870 304 892 ,
333 830 540 901 probabit
570 827 646 879 sud
671 824 822 897 gratid
850 831 972 876 Deus
1005 822 1218 873 seleeium
1245 858 1262 880 ‚
1283 821 1332 873 ὅ(
1371 820 1562 871 feliciter
1588 823 1840 891 attingetur
1870 818 1971 870 finis
2007 820 2181 869 Miffio-

165 921 308 962 num,
344 902 420 970 qui
450 889 686 969 CapucIno
713 897 900 948 tertium
931 895 988 946 ad
1017 897 1093 945 has
1118 893 1282 944 addere
1314 894 1450 943 debet
1484 892 1751 952 stimulum,
1771 894 1816 942 in
1853 893 1983 942 lucro
2006 927 2022 950 ,
2053 890 2102 942 ὅ(
2136 893 2181 940 in

165 971 454 1025 conversione
482 973 740 1021 animarum
779 967 1079 1018 constitutus.

303 1043 459 1110 Qam
488 1039 686 1111 gloriosa
715 1040 772 1091 de
806 1040 889 1087 hac
916 1038 1063 1089 locuti
1096 1034 1183 1087 fint
1219 1036 1369 1086 Sancii
1402 1039 1557 1086 Patres
1580 1069 1598 1093 ‚
1632 1036 1782 1084 multa
1806 1035 2000 1104 ambage
2030 1050 2181 1082 recen.

164 1112 260 1164 sere
297 1112 369 1163 hic
401 1129 490 1163 non
530 1126 663 1161 vacat
693 1130 706 1160 ε
745 1109 894 1158 brevis
936 1110 1057 1159 illius
1090 1108 1147 1156 ad
1185 1104 1262 1156 sua
1300 1108 1476 1170 objecta
1522 1104 1823 1156 consideratio
1861 1106 2022 1171 justam
2052 1104 2182 1153 nobis

164 1181 520 1236 subministrabit
561 1180 856 1246 dijudicandae
921 1184 1014 1242 ejus
1056 1178 1293 1249 dignitatis
1347 1180 1555 1246 regulam
1603 1209 1620 1226 .
1687 1181 1799 1227 Eam
1845 1176 1877 1225 fi
1920 1179 2181 1225 intueamur

107 1259 109 1262 ’
165 1252 402 1323 adipsum
435 1257 588 1303 Deum
628 1253 850 1310 relatam,
886 1251 1065 1298 nullum
1085 1285 1100 1307 ,
1133 1253 1192 1298 D.
1220 1250 1453 1317 Gregorio
1489 1248 1567 1296 lib.
1613 1266 1654 1295 1.
1687 1251 1733 1295 in
1774 1248 1925 1302 Ezecb.
1955 1249 2066 1296 hom.
2105 1264 2182 1294 ιι.

165 1323 277 1377 teste
308 1360 324 1383 ‚
361 1326 648 1391 Ommpoeenn'
696 1322 789 1371 Deo
833 1325 998 1390 gratius·
1033 1320 1099 1368 εΗ
1129 1316 1387 1385 Sacrificium
1414 1353 1430 1375 ,
1466 1323 1587 1387 qucim
1613 1316 1678 1384 fit
1714 1318 1830 1373 zelus
1884 1318 1939 1366 (9¹
1989 1333 2184 1365 conver·

162 1393 501 1447 swbanimarum
538 1429 552 1442 .
593 1394 729 1443 lllam
769 1390 802 1440 fi
838 1394 1083 1440 metiamur
1115 1407 1171 1440 ez
1210 1387 1306 1456 ipso
1343 1391 1490 1456 pretio
1531 1389 1690 1438 anima:
1718 1423 1734 1447 ‚
1770 1406 1885 1455 opus
1913 1402 2014 1438 toto
2053 1404 2189 1436 mun-

161 1462 553 1523 do.,aestimabilius
593 1465 815 1533 reperitur
849 1498 865 1520 ,
903 1460 1016 1512 dum
1041 1493 1057 1518 ‚
1092 1475 1146 1512 ut
1179 1462 1243 1509 ait
1272 1461 1418 1510 Divus
1457 1459 1709 1510 Bernardus
1748 1494 1764 1516 ,
1806 1474 1921 1509 tom
1953 1460 2024 1524 iste
2062 1475 2175 1506 mun-

162 1527 325 1587 duslad·
350 1539 468 1582 unius
497 1540 642 1584 anime
665 1538 846 1600 pretium
873 1532 1071 1583 esbum·
1095 1549 1172 1579 non
1194 1533 1322 1597 potest
1359 1551 1374 1590 3
1417 1550 1495 1579 non
1531 1536 1635 1578 enim
1659 1546 1735 1594 pro
1764 1546 1853 1578 toto
1882 1528 2027 1579 mundo
2058 1529 2174 1578 Deus

163 1609 341 1657 animm
357 1606 479 1672 suam
525 1605 626 1655 dare
655 1607 800 1655 voluit
828 1640 844 1663 ,
885 1620 1007 1675 quan
1030 1617 1109 1670 pro
1131 1607 1267 1650 anima
1296 1604 1472 1650 bumana
1497 1602 1611 1649 dedit
1644 1602 1720 1649 lib.
1746 1600 1866 1648 med.
1893 1619 1990 1668 cap.
2013 1618 2054 1660 3.
2096 1598 2176 1649 Ad.

153 1673 314 1746 ..ipsum
344 1674 680 1727 Miffionarium
715 1675 1024 1732 considerata,
1054 1672 1211 1724 firmat
1239 1674 1360 1724 hunc
1386 1675 1431 1723 in
1459 1674 1653 1721 certiore
1684 1668 1757 1738 spe
1787 1668 2179 1720 immarcescibilis

165 1747 524 1805 illiusvcoronas,
551 1765 688 1815 quam
715 1744 833 1797 fidus
874 1745 1107 1797 Pastorum
1139 1746 1349 1815 Princeps
1380 1746 1432 1791 iis
1458 1740 1707 1810 praesertim
1741 1777 1759 1800 ,
1794 1744 1871 1808 qui
1906 1740 2073 1790 reliciis
2105 1743 2183 1790 Pa-

160 1819 556 1875 ·triae,Provinciae
591 1836 647 1868 ue
675 1817 932 1868 commodis
963 1834 1040 1884 pet
1056 1814 1198 1865 sentes
1230 1814 1284 1867 ἃ
1311 1814 1511 1872 dumos,
1534 1832 1586 1862 ac
1617 1830 1695 1880 per
1718 1814 1940 1863 immanes
1954 1828 2182 1861 terrarum

158 1889 456 1957 *mariumque
485 1837 656 1939 tragus
699 1891 743 1938 in
785 1889 1031 1958 expirantis
1061 1885 1220 1937 mundi
1249 1888 1444 1954 angulos
1485 1897 1734 1935 excurrunt
1766 1919 1784 1942 ,
1826 1899 2026 1934 errantes
2070 1899 2182 1932 oves

170 1957 501 2024 conquirentes,
516 1960 560 2006 in
586 1959 920 2028 Evangelicum
938 1958 1064 2007 ovile
1087 1971 1437 2025 congregantes,
1456 1973 1542 2022 pro
1559 1955 1810 2022 iisdemque
1833 1957 2032 2006 animam
2056 1952 2183 2003 suam

171 2043 338 2096 ponere
374 2027 602 2086 laetantes,
629 2029 918 2094 adpromittit
938 2063 950 2074 .
991 2027 1129 2075 Illam
1162 2028 1354 2091 denique
1382 2024 1414 2073 fi
1444 2023 1732 2092 inspiciamus
1769 2026 1814 2072 in
1851 2023 1893 2072 se
1923 2060 1938 2081 ,
1979 2043 2030 2073 ea
2064 2023 2182 2074 illud

172 2113 284 2165 opus>
301 2115 426 2146 unum
453 2098 514 2146 est
542 2133 558 2156 ,
596 2097 715 2165 quod
739 2099 766 2147 ὲ
797 2096 982 2148 Christo
1008 2113 1087 2164 per
1113 2097 1429 2145 excellentiam
1474 2091 1646 2144 Μυκη
1674 2097 1879 2162 Joannes
1900 2113 1946 2155 7.
1977 2097 2184 2163 versat.

152 2182 509 2218 -eommemorat
538 2204 554 2227 ,
586 2169 658 2218 vel
688 2203 704 2226 ,
735 2168 791 2216 de
820 2185 911 2235 quo
940 2167 1169 2235 Origenes
1194 2166 1322 2213 craft.
1343 2184 1362 2214 1
1375 2164 1623 2226 3.inv10'aen.
1651 2168 1791 2220 dicit,
1820 2164 2020 2231 perseflio
2046 2170 2182 2232 operis

172 2243 262 2304 ejus
278 2238 344 2286 eft
355 2238 493 2302 ,filus
509 2240 712 2287 bominis.
732 2239 893 2285 Mirari
922 2238 1055 2305 proin
1086 2252 1175 2283 non
1189 2233 1372 2301 oportet
1388 2235 1533 2291 ,dum
1543 2240 1642 2299 jam
1664 2237 1864 2302 primum
1891 2237 2084 2285 Ordinis
2105 2254 2183 2286 no·

169 2304 641 2374 stri-lustrumspiritu
672 2304 900 2356 Minionis
931 2303 1336 2356 seuconversionis
1369 2309 1624 2355 animarum
1660 2309 1705 2354 in
1737 2308 1882 2375 plagis
1925 2305 2183 2356 infidelium

168 2375 463 2444 conspicuum
489 2378 678 2434 enituit,
696 2375 742 2426 ἃ
752 2381 848 2439 jam
879 2394 997 2426 anno
1022 2394 1164 2438 ¹55¹·
1182 2394 1276 2443 quo
1295 2380 1485 2443 καμπὴ)
1509 2379 1721 2427 Fratrum
1751 2394 1938 2427 externa
1974 2378 2181 2427 nonnihil

169 2448 375 2516 quievit,
406 2450 453 2496 in
470 2445 650 2496 luorum
676 2450 838 2497 animis
866 2450 1172 2517 Evangelicus
1198 2450 1326 2502 zelus
1348 2438 1594 2517 pullulavit
1611 2485 1624 2498 .
1653 2451 1844 2500 Horum
1884 2450 2177 2498 Athletarum

168 2517 374 2588 primum
398 2519 596 2568 Annales
623 2516 759 2567 nostri
780 2534 1015 2586 tom-1.paeg
1031 2536 1149 2581 452.
1167 2520 1380 2568 exhibent
1398 2520 1709 2588 Fr.Joannem
1735 2523 1896 2571 Zuaze
1921 2521 1947 2568 a
1968 2524 2181 2586 Metym-

140 2587 494 2656 ³macampestri
520 2622 536 2647 ,
569 2590 614 2637 in
633 2585 842 2655 Hispano
875 2591 1082 2639 castenae
1103 2594 1268 2658 Regno
1297 2587 1375 2638 fita
1398 2591 1648 2641 oriundum
1666 2627 1682 2649 ,
1705 2595 1782 2658 qui
1809 2594 1980 2660 Spiritu
2018 2593 2182 2640 Domi-

147 2662 214 2709 ni
240 2659 384 2709 ..astus
411 2676 518 2708 cum
551 2663 625 2708 Fr.
649 2661 830 2727 joanne
864 2661 1047 2726 Appulo
1082 2662 1199 2709 laico
1236 2659 1662 2729 Constantinopolin
1697 2666 1894 2728 perrexit
1920 2663 2181 2730 praedicatu-

167 2745 257 2780 rus.
275 2729 335 2778 ibi
358 2727 519 2799 jesum
546 2730 786 2781 Christum
821 2766 833 2779 .
875 2734 1053 2780 Vocem
1082 2744 1236 2780 autem
1279 2732 1649 2798 Evangelizantis
1683 2731 1810 2780 illico
1841 2734 2086 2797 interrupit
2115 2729 2183 2778 so-

167 2798 258 2851 nus
283 2798 568 2870 flagrorum,
593 2799 757 2867 quibus
789 2802 835 2850 in
867 2817 1028 2850 eorum
1059 2817 1254 2867 corpora
1284 2802 1482 2849 lunatica
1525 2800 1798 2850 debacchata
1833 2799 1894 2848 est
1921 2799 2178 2848 barbaries:

167 2869 360 2921 &dum
386 2871 464 2919 illa
479 2870 720 2920 verberum
749 2868 962 2942 sanguine
990 2873 1202 2920 vivacior
1231 2872 1275 2919 in
1314 2873 1461 2939 Regia
1491 2868 1738 2933 Majestatis
1769 2870 2000 2929 resonuit,
2029 2867 2181 2919 clausa

167 2942 514 2989 intercarceres
539 2938 851 2990 obmutescere
880 2942 1066 2994 debuit.
1107 2945 1175 2991 Ex
1219 2942 1287 2990 liis
1324 2940 1517 3008 denique
1547 2956 1736 3007 uterque
1764 2938 1966 2991 dimiffus
1990 2939 2183 2990 excuffit

167 3010 402 3079 pulver-em
417 3008 477 3058 de
491 3009 699 3072 pedibus,
718 3009 768 3061 ὅτ
798 3012 1123 3065 Alexandriam
1154 3010 1351 3082 AEgypti
1370 3031 1450 3070 ,ac
1480 3010 1582 3061 inde
1597 3015 1855 3080 Memphim
1874 3010 1948 3061 seu
1967 3015 2181 3070 Cairum,

166 3083 424 3132 Civitatem
450 3082 648 3149 AEgypti
662 3079 948 3150 insigniorem
965 3118 980 3141 ,
996 3081 1209 3150 processit
1224 3118 1240 3142 ,
1255 3084 1329 3132 ubi
1350 3084 1463 3131 dum
1486 3081 1533 3132 ὅ(
1553 3081 1918 3150 praedicationem
1940 3085 2178 3152 Evangelii

165 3153 308 3219 coepit
338 3185 355 3209 ,
388 3155 566 3219 repetiit
591 3149 780 3202 vesanus
812 3151 939 3202 furor
967 3152 1153 3223 flagella
1184 3188 1201 3211 ,
1241 3152 1289 3204 δι
1321 3154 1435 3202 dum
1464 3154 1557 3203 haec
1591 3152 1873 3204 constantem
1915 3156 2122 3203 animum
2155 3154 2182 3201 a

167 3223 310 3271 Sacro
342 3219 576 3289 proposito
604 3222 843 3272 dimovere
874 3241 966 3273 non
990 3221 1190 3290 poss‘ent,
1218 3239 1436 3292 perpetuo
1464 3225 1634 3273 carceri
1659 3222 1827 3293 absque
1857 3224 1962 3273 cibo
1994 3223 2043 3274 δι
2069 3238 2182 3290 potu

167 3287 385 3342 sententia
411 3290 593 3360 Judicis
628 3306 871 3358 utrumque
891 3295 1169 3360 mancipavit
1187 3328 1200 3342 .
1239 3295 1649 3362 Libertate,quam
1676 3313 1762 3362 pro
1791 3298 1844 3344 iis
1876 3296 2042 3342 Gallus
2064 3297 2183 3343 Ora-

172 3361 372 3430 torpost
406 3377 586 3428 ternpus
622 3360 967 3420 obtinuit,‚frui
998 3381 1089 3428 non
1120 3367 1314 3431 amplius
1346 3380 1589 3433 poterant,
1619 3384 1726 3414 cum
1755 3382 1915 3415 eorum
1951 3381 2183 3431 corpora-⁴

171 3428 244 3481 fisi
275 3431 324 3482 ἃ
358 3429 479 3481 fame
509 3436 604 3494 jam
629 3429 897 3499 consumpta
931 3469 947 3490 ,
980 3432 1029 3483 δι
1059 3435 1314 3484 exanimata
1350 3434 1517 3486 Custos
1549 3438 1765 3502 repererit
1800 3471 1812 3483 .

230 3501 524 3570 'Brogresl'um
544 3499 901 3552 Reformationis
918 3501 1067 3566 nostre
1085 3501 1114 3550 fi
1133 3502 1344 3572 inspicere
1358 3507 1667 3571 libeat‚plures
1684 3505 1871 3553 obviant
1885 3505 2181 3563 Fratres,veri

170 3566 710 3640 illiusSetaphiciPatris
725 3605 741 3629 ,
759 3576 829 3639 qui
857 3589 935 3620 non
944 3572 1182 3638 fibifilhm
1206 3579 1370 3625 vivere
1387 3575 1487 3640 ,fid
1508 3581 1562 3629 d&
1593 3577 1692 3623 aliis
1704 3575 1901 3640 proficere
1913 3575 2079 3633 voluit,
2093 3575 2183 3632 zelo

172 3636 600 3702 Deiduflus3..1?i1ii,
613 3645 690 3711 qui
718 3641 894 3713 angusti
910 3643 1093 3690 termini
1109 3676 1125 3700 ,
1146 3645 1307 3712 influo
1326 3641 1541 3692 Profeffio
1560 3646 1661 3692 illos
1679 3642 1890 3710 posuerat
1914 3679 1929 3700 ,
1949 3645 2070 3712 quali
2085 3664 2182 3715 per·

171 3706 267 3758 tufi
284 3716 620 3777 ,eruperuntin
653 3715 880 3780 Regiones
911 3713 1117 3771 Orientis
1143 3710 1192 3763 ἃ
1219 3716 1464 3782 Aquilonis
1481 3748 1498 3771 ,
1522 3711 1681 3779 easque
1708 3715 1854 3763 imbre
1881 3715 2072 3765 coelestis
2099 3716 2179 3766 do'·

173 3775 322 3830 strinae
358 3779 605 3848 irrigz'irunt
633 3819 646 3832 .
698 3783 840 3839 Unus
865 3801 947 3852 pro
978 3781 1190 3833 omnibus
1234 3781 1291 3832 fit
1321 3782 1442 3832 testis
1470 3781 1725 3851 S.Josepus
1759 3786 1782 3832 εὶ
1824 3784 2023 3836 Leoniffa
2054 3822 2070 3845 ,
2100 3788 2180 3855 qui

286 3850 436 3900 'T0m.
463 3849 566 3900 VII.
1513 3862 1516 3867 '
1547 3855 1594 3900 Ν
1636 3870 1661 3901 2
1944 3856 1991 3908 ὅ(
2019 3855 2109 3926 ipse
