2496 4172
995 115 1430 236 Apostolica
1455 184 1474 205 .

313 324 491 383 Officium
507 354 521 379 ,
546 325 599 376 ῤ’
616 323 912 385 Mifflspropria
928 324 972 366 t'n
987 322 1072 368 Fol-
1091 322 1175 374 &c-

474 447 516 487 D
545 447 580 489 E
610 448 648 489 C
678 445 718 487 R
750 444 785 486 E
819 442 857 485 T
887 443 928 487 U
956 443 1002 485 M

250 566 315 607 Ex
326 563 554 608 secretaria
566 551 698 608 sacris
711 559 879 605 Rituum
904 561 1235 617 congregationis.

372 681 695 738 suprascriptum
711 678 902 724 officium
925 678 1235 735 propriumcum

255 738 372 784 Miffa
389 742 443 784 de
458 742 638 796 pretioso
652 739 954 796 SanguineJcsu
972 738 1118 781 Christi
1133 766 1145 787 ‚
1159 752 1235 780 nu-

307 814 326 841 r
354 799 406 843 de
431 798 630 841 Mandato
655 797 889 841 Sant‘tiffimi
910 797 1075 840 Domini
1102 796 1237 842 Nostri

249 813 454 901 &aedisti
471 858 583 914 Papae
600 859 719 901 xlv.
745 858 965 914 diligenter
988 854 1236 902 &accurate

247 915 355 975 juxta
379 918 583 972 Regulam
613 916 800 959 traditam
826 919 863 959 in
888 918 957 960 suo
974 918 1111 973 Opere
1137 915 1236 962 dm

250 979 460 1019 sorvorum
472 977 548 1020 Dei
565 974 806 1035 Beatificat„
820 975 869 1024 θ’
884 977 1093 1019 Brutorum
1107 979 1233 1019 Cano·

249 1037 375 1079 nisae.
390 1034 503 1093 lib-4.
511 1046 650 1092 para.
665 1045 747 1092 cap.
758 1048 820 1079 ιο.
832 1049 938 1079 num·
957 1048 1018 1079 10.
1034 1033 1234 1091 compoti-

250 1093 371 1137 fitum
394 1122 412 1148 ,
438 1096 633 1138 Sanctitas
657 1095 736 1138 Sua
761 1093 931 1150 benigne
959 1094 1234 1151 approbavit,

249 1166 411 1197 necnon
422 1153 674 1198 recitandum
687 1167 761 1207 ,je
777 1152 846 1198 res
840 1153 995 1209 peaive
1020 1152 1231 1197 celebran-

248 1211 345 1254 dum
359 1211 408 1253 ab
421 1212 606 1257 universo
619 1212 750 1257 Clero
758 1242 775 1267 ,
791 1222 873 1256 tam
886 1211 1092 1262 Saeculari,
1108 1211 1231 1267 quam

249 1270 449 1324 Regulari
464 1271 688 1323 Civitatis,
717 1272 758 1315 δι
786 1269 961 1328 ῠίςεείῑε
985 1268 1233 1315 Sarzanenfis

250 1330 292 1377 in
307 1328 405 1371 seria
422 1328 594 1373 secunda
617 1330 831 1374 dumtaxat
857 1328 943 1386 post
970 1328 1124 1373 Festum
1144 1328 1234 1371 Tri-

252 1388 390 1431 nitatis
416 1385 485 1429 sub
513 1390 593 1430 ritu
609 1389 764 1445 duplici
791 1390 926 1446 prime
942 1387 1066 1432 clanis
1078 1401 1130 1431 ex
1146 1385 1236 1443 spe-

251 1446 346 1489 ciali
362 1446 506 1490 Gratis
518 1446 684 1492 indulfit
697 1475 712 1500 ,
725 1449 766 1490 δι
785 1446 978 1490 conceffit
993 1473 1008 1496 ‚
1030 1454 1153 1504 atque
1171 1446 1229 1489 ita

250 1503 500 1563 inposterum
516 1505 762 1550 servandum
779 1506 984 1550 mandavit
1001 1532 1014 1548 .

361 1564 437 1607 Die
458 1565 521 1607 16-
540 1565 775 1608 Decembris
797 1577 920 1619 1747·

234 1725 240 1730 ,
307 1679 727 1739 Exempl.1'mprcffin
740 1678 914 1724 Arcvao
925 1680 1021 1724 ord.
1038 1680 1231 1725 Armeno

235 1746 244 1757 ⁶
362 1740 591 1784 Provinciae
599 1740 803 1797 Januenlis
814 1769 830 1784 .

436 1972 680 2030 Provincia
707 1975 1016 2029 Pedemontanae
1029 2013 1044 2029 .

252 2114 620 2170 Constitutiones
638 2120 917 2172 Monialium
934 2116 1200 2172 Monasterii
1218 2127 1236 2178 ,

231 2217 235 2220 «
316 2191 374 2239 Β;
405 2191 566 2240 Mariae
595 2188 938 2258 Consolationis
958 2191 1235 2258 nuncupati,

319 2258 542 2310 Civitatis
560 2263 740 2311 Montis
754 2265 947 2333 Regalis
971 2259 1232 2312 confirmat.

245 2385 748 2440 CLEMENs
821 2391 1094 2442 PAPA
1166 2375 1234 2441 x.

330 2543 332 2546 .
392 2504 463 2548 Ad
482 2512 714 2560 perpetum
743 2509 806 2550 res·
834 2508 1062 2552 memoriam
1075 2537 1089 2550 .

335 2618 571 2665 Acrosanc'ti
586 2620 843 2680 Apostolatt‘is
867 2622 1046 2668 officium
1071 2623 1235 2668 humili·

353 2680 427 2723 tati
452 2681 618 2732 noflrae,
643 2682 761 2726 nullo
782 2683 880 2728 licet
907 2686 1143 2728 meritorum
1159 2698 1236 2728 no·

248 2741 424 2782 ntorum
437 2738 644 2798 suffragio,
658 2741 852 2785 divinitus
875 2743 1104 2800 impolitum
1132 2743 1236 2787 salu-

246 2797 378 2845 briter
394 2800 553 2854 exequi,
572 2799 787 2856 adjuvante
803 2804 979 2846 Domino
992 2802 1238 2858 satagentes,

247 2856 336 2906 ina,
353 2871 439 2914 quoe
453 2872 527 2912 pro
543 2857 655 2903 felici
669 2860 881 2904 Sacrarum
902 2863 1140 2918 Virginum,
1159 2864 1237 2906 At·

246 2914 382 2959 tiffimi
397 2915 624 2973 obsequiis,
655 2917 728 2973 sub
753 2919 861 2963 suavi
889 2922 1116 2977 Religionis
1136 2921 1236 2979 jugo

251 2975 572 3031 mancipatarum
586 2977 808 3022 directione
835 2980 1012 3036 provide
1022 2981 1238 3026 constituta

253 3030 333 3075 effe
349 3034 542 3079 dicuntur
558 3062 573 3087 ‚
586 3046 632 3079 ut
649 3035 762 3080 firma
777 3038 929 3095 semper
941 3067 955 3091 ,
980 3054 1027 3084 ac
1043 3040 1240 3084 inviolata

246 3092 448 3149 persistant
459 3122 473 3145 ,
492 3095 706 3150 Apostolici
724 3098 952 3143 muniminis
981 3098 1105 3142 nostri
1117 3126 1131 3149 ,
1145 3114 1239 3143 cum

248 3151 291 3196 id
305 3152 329 3196 ὲ
352 3154 482 3195 Nobis
497 3154 676 3209 petitur,
690 3158 915 3211 patrocinio
938 3158 1110 3203 libenter
1139 3174 1238 3202 con·

166 3255 168 3258 ,
249 3210 498 3254 stabilimus.
529 3214 690 3270 Exponi
717 3214 910 3269 liquidem
942 3218 1072 3261 Nobis
1105 3232 1232 3274 nuper

250 3266 441 3313 fecerunt
455 3270 613 3316 dileaae
625 3271 667 3315 in
688 3273 854 3316 Christo
875 3276 1000 3328 Filiae,
1015 3276 1240 3328 Abbatiss'a,

174 3371 176 3373 ,
249 3329 292 3372 δι
306 3328 506 3372 Moniales
518 3331 732 3386 Capucinae
750 3336 1237 3389 nuncupatae,Monasterii

250 3390 300 3432 B.
315 3388 447 3431 Maria:
473 3389 780 3435 Consolationis
812 3401 1051 3448 nuncupata
1072 3395 1238 3438 Civita-

249 3446 305 3490 tis
333 3448 486 3491 Montis
514 3449 947 3505 Regalis,Provinciae
979 3453 1237 3497 Tsurinenlis

139 3483 143 3487 .
164 3526 168 3531 ’
236 3505 415 3554 Ordinis
437 3511 483 3552 S.
497 3508 695 3551 Francisci
717 3538 733 3561 ,
755 3509 885 3566 quod,
901 3525 994 3553 cum
1022 3512 1236 3566 quadam..

249 3565 572 3611 constitutiones
587 3581 661 3623 pro
677 3570 782 3611 bono
794 3595 809 3617 a
838 3570 875 3610 Sc
889 3567 997 3613 felici
1016 3571 1114 3614 dieti
1138 3571 1231 3613 Mo-

246 3621 406 3668 nssterii
421 3626 614 3681 regimine
627 3652 642 3675 ‚
657 3637 778 3683 atque
794 3627 994 3683 gubernio
1017 3627 1115 3671 alias
1139 3630 1229 3672 edi-

2051 147 2219 254 389

1299 274 1448 310 ventur
1471 298 1487 323 ,
1528 268 1767 327 Apostolicae
1791 276 1927 318 nostrae
1963 281 2280 326 confirmationis

1293 330 1444 371 robore
1470 330 1710 372 communiri
1747 329 1995 387 summopere
2022 339 2281 381 desiderant.

1294 390 1383 430 Nos
1415 387 1539 444 igitur
1569 386 1729 430 casdem
1758 391 2016 442 Exponentes
2042 397 2279 448 specialibus

1294 444 1528 498 favoribus,
1552 448 1592 489 δι
1612 448 1748 502 gratiis
1775 446 1961 502 prosequi
1985 452 2166 493 volentes
2198 481 2213 504 ,
2243 456 2283 493 δι

1293 518 1433 548 earum
1460 505 1676 562 singulares
1709 506 1895 560 personas
1926 507 1947 548 i
1973 507 2172 561 quibusvis
2210 525 2281 552 ex-

1294 566 1677 608 communicationis
1692 566 1768 608 &c-
1782 562 1984 609 absolutas
2012 565 2099 607 fore
2115 569 2279 608 censen-

1295 632 1383 671 tes,
1409 625 1770 680 supplicationibus
1794 638 1931 668 earum
1957 624 2121 667 nomine
2156 623 2285 665 Nobis

1296 682 1411 737 super
1427 686 1504 727 hoc
1520 684 1728 728 humiliter
1744 684 1929 740 porreetis
1944 683 2130 728 inclinati
2147 708 2161 731 ,
2175 685 2287 724 Con·

1298 743 1521 787 stitutiones
1547 742 1726 799 praefatas
1754 772 1769 795 ,
1800 744 2025 786 dummodo
2049 750 2183 784 tamen
2212 741 2288 783 sint

1297 803 1337 844 in
1352 801 1418 844 usu
1436 831 1450 854 ,
1463 817 1509 844 sc
1528 802 1649 846 licitae
1664 833 1678 856 ,
1693 805 1734 846 &
1753 804 1919 845 honestae
1934 832 1949 853 ,
1978 816 2023 846 ac
2038 802 2088 843 ab
2104 800 2286 843 Ordina-

1296 863 1359 906 rio
1378 862 1461 904 loci
1475 863 1704 916 approbatae
1718 892 1733 915 ,
1745 862 1951 919 Sacrisque
1965 860 2201 905 Canonibus
2214 884 2228 904 2
2244 860 2284 900 &

1295 920 1471 966 Concilii
1490 920 1723 965 Tridentini
1741 921 1930 965 Decretis
1945 951 1960 972 ,
1989 919 2052 962 vel
2072 918 2284 963 constitu-

1296 980 1474 1024 tionibus
1490 1008 1502 1031 ,
1523 981 1561 1022 St
1581 981 1914 1030 ordinationibus
1932 978 2194 1034 Apostolieis,
2211 987 2283 1019 aut

1294 1039 1567 1095 Regularibus
1591 1040 1685 1083 dicti
1711 1040 1876 1083 Ordinis
1890 1039 2090 1087 Institutis
2118 1051 2199 1080 non
2213 1036 2288 1078 ad-

1294 1098 1525 1148 versentur,
1560 1099 1796 1154 Apostolica
1814 1099 2076 1148 auctoritate,
2100 1106 2286 1140 tenore)

1294 1155 1547 1214 praesentium
1577 1159 1871 1213 approbamus,
1895 1161 1936 1202 δι
1957 1155 2249 1202 confirmamus
2263 1179 2280 1203 ‚

1293 1214 1452 1272 illisque
1467 1216 1713 1259 inviolabilis
1728 1218 1971 1273 Apostolicae
1994 1214 2197 1258 firmitatis
2214 1227 2285 1255 ro-

1294 1276 1371 1319 bur
1387 1274 1628 1327 adjicimus3
1651 1277 1930 1319 Decernentes
1943 1274 2104 1318 essdem
2118 1272 2287 1316 Consti·

1295 1335 1502 1383 tationes,
1537 1347 1693 1377 necnon
1725 1333 1934 1390 praesentes
1962 1334 2117 1375 litteras
2131 1331 2287 1384 semper

1296 1392 1449 1435 validas
1465 1421 1481 1443 ,
1496 1390 1626 1434 firmas
1638 1419 1652 1441 ,
1667 1394 1709 1436 δι
1725 1393 1905 1437 efficaces
1920 1390 2090 1436 existere
2111 1390 2152 1430 &
2166 1387 2256 1429 fore
2270 1415 2286 1438 ,

1292 1450 1460 1507 suosque
1477 1450 1678 1504 plenarios
1694 1452 1935 1506 &integros
1956 1448 2113 1490 effectus
2130 1445 2285 1496 sortiri,

1291 1512 1330 1552 δι
1361 1509 1547 1552 obtinere
1565 1535 1579 1559 ‚
1607 1522 1655 1551 ac
1681 1509 1731 1550 ab
1757 1510 1944 1553 omnibus
1975 1508 2015 1550 &
2032 1506 2212 1562 singulis,
2224 1503 2280 1546 ad

1291 1581 1407 1624 quos,
1420 1567 1458 1607 δι
1472 1580 1569 1622 quas
1585 1568 1756 1622 spectat,
1767 1570 1805 1610 δι
1824 1567 2012 1622 Γροὸἶιδὶι
2027 1567 2066 1608 in
2082 1565 2285 1614 futurum,

1290 1623 1590 1668 inviolabiliter
1619 1623 1850 1679 observari3
1880 1628 2029 1680 Sicque
2062 1638 2135 1679 per
2159 1619 2282 1678 quos-

1295 1684 1644 1741 cumqueJudices
1657 1686 1735 1727 διε.
1752 1684 1791 1727 in
1812 1685 2064 1729 contrarium
2094 1680 2286 1725 facienti-

1296 1745 1370 1788 bus
1387 1770 1400 1794 ,
1414 1758 1496 1787 non
1511 1743 1755 1788 obstantibus
1777 1746 2095 1801 quibuscumque
2109 1770 2123 1784 .

1413 1806 1569 1847 Datum
1597 1804 1740 1846 Romae
1771 1804 1878 1861 apud
1905 1803 2091 1849 Sane‘tsm
2117 1797 2287 1844 Mariam

1295 1860 1497 1918 Maiorem
1532 1861 1601 1905 sub
1629 1863 1799 1907 Annulo
1837 1861 2050 1906 piscatoris
2080 1860 2150 1903 die
2183 1871 2283 1902 xxi.

1295 1920 1447 1979 Aprilis
1467 1934 1719 1966 uoctxxvr.
1747 1919 2015 1967 Pontificatsss
2040 1918 2166 1966 nostri
2190 1920 2282 1962 An·

1295 1994 1352 2027 no
1372 1983 1500 2027 Sexto
1516 2010 1530 2024 .

1355 2105 1475 2148 Breve
1479 2098 1610 2158 firm.
1627 2097 1673 2142 in
1699 2099 1823 2143 Areb.
1849 2096 2118 2157 Monaster1‘1‘3
2143 2095 2190 2138 de
2209 2106 2287 2149 quo

1413 2161 1577 2214 exempl.
1602 2162 1646 2202 in
1665 2159 1788 2202 Arcb.
1814 2161 1954 2203 Gener.
1983 2155 2076 2200 Ord.
2088 2168 2176 2198 cuna
2190 2158 2288 2196 Con-

1398 2218 1688 2279 stitutionibus
1698 2244 1714 2268 ,
1726 2212 1789 2268 ’θ’
1814 2219 2001 2261 ulatione
2023 2212 2287 2274 iustitutionis

1414 2278 1681 2327 Montanum.

1526 2514 1798 2567 ‚Provincia
1827 2514 1999 2585 Cotficae
2012 2550 2028 2565 .

1521 2659 1567 2709 D
1605 2660 1643 2707 E
1682 2659 1726 2708 C
1764 2659 1808 2706 R
1841 2658 1879 2706 E
1916 2657 1963 2706 T
2002 2655 2053 2704 Ο

1403 2774 1497 2828 Sac.
1518 2777 1766 2846 Congregat.
1783 2776 1922 2845 Episc.
1950 2775 2006 2825 (9¹
2022 2772 2180 2843 Regul-

1298 2922 1357 2970 In
1382 2917 1516 2970 eausa
1546 2917 1887 2988 quaestuationis
1924 2931 2133 2968 vertente
2164 2915 2283 2966 inter

1372 2994 1463 3042 ΡΡ.
1482 2989 1779 3041 Reformatos
1797 2990 2027 3059 Alziprati
2048 3024 2065 3047 ,
2090 2986 2141 3039 ἃ
2158 2990 2285 3037 Con·

1369 3076 1535 3113 ventus
1569 3060 2075 3119 PP.Observantium,
2105 3057 2155 3109 &
2194 3060 2287 3106 Ca·

1367 3134 1644 3202 pucinorum
1677 3134 1895 3185 Civitatis
1930 3132 2070 3183 Calvi
2093 3143 2284 3178 concor·

1369 3206 1494 3254 diam
1521 3202 1621 3255 fieri
1654 3204 1902 3256 mandatur
1932 3239 1949 3263 ,
1981 3200 2032 3254 ὅ(
2058 3199 2177 3251 fac'ta
2206 3215 2283 3267 ap·

1370 3275 1591 3344 probatur
1608 3313 1622 3327 .

1369 3397 1410 3440 N
1426 3395 1538 3439 causa
1555 3400 1754 3452 Sagoneu.
1783 3389 2097 3449 Quaestuationis
2118 3398 2280 3432 verten·
2328 3388 2337 3395 “

1387 3465 1428 3496 te
1441 3455 1549 3496 inter
1565 3458 1828 3499 Conventum
1843 3451 1937 3495 Alzi
1943 3449 2049 3506 prati
2077 3448 2282 3492 Minorum

1294 3511 1612 3555 Observantium
1643 3510 1971 3554 Reformatorum
1997 3522 2046 3551 ex
2076 3509 2158 3550 uui
2182 3536 2198 3560 ,
2239 3507 2281 3548 &

1292 3572 1533 3613 Conventus
1553 3571 1760 3614 Minoi-um
1778 3568 2089 3612 Obstrvantium
2102 3596 2119 3618 ‚
2140 3566 2181 3608 δι
2195 3566 2279 3610 Ca-

1289 3630 1533 3684 pucinorum
1562 3629 1758 3674 Civitatis
1783 3628 1907 3671 Calvi
1933 3641 1984 3670 ex
2012 3626 2140 3669 altera
2156 3628 2280 3680 parti-

243 3692 294 3726 tae
321 3680 468 3725 suerint
485 3711 500 3736 ,
522 3683 610 3741 ips:
637 3687 901 3741 Exponentes
916 3687 1024 3737 illas,
1042 3691 1125 3744 quo
1156 3688 1227 3731 fir·
1286 3690 1358 3732 bus
1372 3717 1389 3739 ,
1403 3689 1650 3744 propositum
1665 3688 1740 3731 suit
1754 3686 2049 3744 infrascriptum
2065 3684 2244 3728 Dubium
2263 3712 2279 3737 ‚

238 3742 343 3786 mitis
359 3739 560 3788 subsistant
575 3772 590 3798 ,
602 3745 642 3789 δι
657 3748 706 3790 ab
720 3747 903 3792 omnibus
930 3747 1074 3793 arctius
1089 3746 1224 3791 obser-
1287 3747 1482 3792 videlicet
1496 3759 1521 3802 ε,

2152 3804 2218 3847 An
