2508 4218
933 161 1395 246 Praenotatio
1427 217 1444 237 .
2009 200 2137 282 97

193 315 366 368 firmius
392 312 681 363 concluditur
697 346 713 368 ,
750 308 844 377 qud
868 307 1035 361 certius
1060 307 1210 356 eidem
1238 303 1538 356 universalem
1561 308 1817 358 animarum
1841 331 1995 364 curam
2021 321 2196 372 ineam-

182 387 328 444 bere,
364 399 463 436 tum
495 402 560 432 ex.
581 382 756 433 traditis
775 383 843 430 illi
873 381 998 448 regni
1027 380 1275 428 Coelorum
1300 376 1539 433 clavibus,
1578 391 1677 425 tum
1709 396 1762 425 ex
1793 382 1993 431 concess‘a
2025 389 2195 453 ligandi

191 458 245 507 'ac
275 455 480 506 solvendi
507 452 721 521 potestate
739 486 755 508 ,
790 463 892 499 tum
922 468 978 499 ex
1008 448 1270 498 concredito
1296 465 1405 496 oves
1435 445 1642 514 pascendi
1675 465 1862 496 munere
1889 450 2198 518 dignoscitur.

193 526 357 578 Habent
383 526 494 582 alii,
531 525 673 592 inquit
709 525 768 571 D.
800 518 1055 570 Bernardus
1097 519 1175 568 lib.
1212 537 1259 567 2.
1288 517 1345 566 de
1372 513 1638 566 considerat.
1666 534 1766 583 cap.
1784 520 1830 566 8.
1857 518 1942 587 fibi
1979 520 2199 587 affignatos

187 617 330 666 greges
347 631 361 654 ‚
396 595 546 663 finguli
559 592 747 663 fingulos
780 609 792 637 ε
842 590 1004 639 Summo
1033 594 1142 639 verb
1176 588 1370 654 Pontifici
1404 587 1601 656 uni-veaefi
1625 588 1774 636 crediti
1792 587 1893 654 sunt
1914 624 1930 645 ,
1966 594 2036 636 uni
2067 610 2167 639 unus
2184 629 2198 642 .

192 671 354 724 Petro,
373 664 540 717 Christi
561 663 774 719 vicario,
794 660 840 709 in
871 662 1034 709 mentis
1055 657 1231 708 excessu
1262 655 1486 708 ostensum
1517 658 1579 707 est
1606 674 1782 728 quatuor
1809 662 1953 707 initiis
1991 659 2200 711 defluum

192 738 247 787 de
282 751 439 806 aperto
471 737 592 784 coelo
627 735 671 782 in
713 746 879 781 terram
910 747 994 780 vas
1030 731 1228 799 quoddam
1243 765 1259 788 ‚
1288 730 1414 779 velut
1445 733 1619 778 tintcum
1650 747 1836 797 magnum
1852 765 1868 787 ,
1903 734 1947 778 in
1974 749 2052 798 quo
2085 748 2200 778 erant

191 812 326 858 omnia
340 804 644 876 quadrupedia,
663 803 929 870 &serpentia
945 815 1095 858 terre,
1113 803 1167 849 (Τ
1192 802 1399 851 volatilia
1415 799 1521 848 Coeli
1537 838 1549 850 .
1591 800 1668 852 Ad
1695 804 1883 851 Petrum
1903 800 1963 850 ibi
1994 798 2110 850 fasta
2138 800 2200 850 est

191 894 318 936 vox,
340 877 468 945 fierge
498 874 654 932 Perre,
681 872 817 921 occide
851 873 905 920 (θ’
941 872 1167 921 manduca.
1207 871 1315 921 Αᾶ.
1343 890 1417 920 ιο.
1440 890 1486 920 ν.
1511 890 1584 923 11.
1616 890 1691 922 ια.
1731 868 1838 931 seu,
1869 874 1934 920 uti
1967 873 2201 938 Philippus

187 950 421 998 Rovenius
449 946 664 1012 Archiep.
682 942 844 1011 Philip.
868 944 912 991 in
937 941 1016 993 suo
1042 942 1170 992 trast.
1193 942 1249 991 de
1276 941 1481 992 Mission.
1498 960 1601 1013 pag.
1616 943 1728 992 mihi
1758 961 1829 1001 17.
1853 943 1945 1001 ait,
1977 945 2112 992 Petro
2134 942 2201 990 di-

189 1016 316 1066 stum
349 1015 410 1065 est
426 1052 442 1076 ,
467 1015 754 1083 spiritualiter
780 1014 964 1080 interfice
990 1019 1035 1063 ιἰι
1063 1016 1132 1063 his
1160 1014 1379 1062 immundis
1402 1015 1631 1080 gentiltbus
1659 1028 1733 1080 per
1765 1029 1940 1082 quatuor
1971 1012 2081 1061 orbis
2104 1028 2202 1078 par·

185 1101 255 1136 ter
279 1085 466 1154 disperk's
498 1091 641 1138 vitam
675 1088 931 1154 praeteritam
959 1120 974 1143 ,
1009 1091 1062 1134 &i
1073 1083 1154 1153 fite
1170 1119 1187 1143 ,
1215 1100 1261 1132 ut
1286 1083 1496 1150 tranfiant
1531 1089 1575 1133 in
1613 1085 1767 1151 Corpus
1797 1084 1916 1134 Eccle
1952 1102 1980 1133 ae
1998 1120 2014 1141 ,
2050 1088 2094 1132 in
2126 1101 2204 1152 quo

186 1175 342 1210 novam
371 1161 516 1209 ‘vitam
539 1157 777 1224 sbi-riantur
795 1191 807 1204 .
847 1153 917 1204 Tu
943 1170 1136 1223 tanquam
1166 1156 1302 1221 Caput
1336 1154 1520 1220 Ecclefiae
1562 1156 1745 1222 nfideles
1774 1171 1972 1206 converte
1986 1188 2003 1211 ,
2045 1173 2098 1202 ex
2125 1171 2204 1202 non

152 1227 160 1251 '¹
188 1227 346 1279 ovibus
374 1246 479 1279 oves
498 1225 611 1294 fic,
650 1229 705 1276 (5
742 1244 797 1275 ex
836 1244 915 1274 non
937 1225 1140 1291 fidelibus
1157 1227 1341 1293 fideles,
1377 1223 1616 1293 gratasque
1648 1231 1747 1274 Deo
1773 1224 1936 1274 hostias
1965 1222 2094 1272 effice
2124 1242 2196 1272 an-

190 1298 443 1349 nuntiando
473 1300 526 1348 iis
554 1295 691 1348 fidem
709 1333 727 1356 ,
754 1294 843 1347 fine
874 1314 964 1364 qua
996 1300 1096 1347 Deo
1124 1299 1300 1365 plaeere
1337 1294 1607 1363 impoffibile
1638 1293 1721 1345 effe
1751 1298 1887 1344 toties
1917 1299 2056 1346 Sacra
2085 1295 2203 1345 Scri·

220 1381 320 1419 tura
356 1370 554 1418 clamat.

185 1384 218 1436 P
324 1440 495 1487 Munus
528 1437 614 1486 hoe
637 1436 956 1507 graviffimum
985 1435 1064 1486 fibi
1096 1436 1326 1488 adherere
1348 1441 1395 1488 S.
1413 1439 1532 1488 Petri
1551 1436 1829 1488 Succeffores
1846 1474 1862 1496 ,
1881 1439 2057 1490 Summi
2084 1440 2198 1487 Pon·

185 1504 330 1558 tifices
353 1522 638 1577 agnoverunt
668 1506 843 1576 semper
859 1544 874 1568 ,
906 1510 953 1560 ὄῑ
984 1508 1095 1558 illud
1113 1510 1158 1558 in
1178 1509 1231 1557 iis
1249 1507 1496 1558 universale
1515 1512 1663 1558 Patres
1685 1507 1972 1558 declardrunt
1990 1544 2005 1566 ,
2036 1509 2124 1564 ita,
2150 1519 2200 1555 ut

186 1580 250 1628 D.
273 1578 524 1629 Bernardus
542 1577 619 1627 lab.
626 1597 670 1641 3.
690 1580 739 1629 de
755 1576 989 1647 coefideraee.
1007 1597 1130 1630 c.10.
1163 1596 1241 1628 eos
1266 1582 1404 1628 etiam
1423 1578 1665 1644 Infideltbus
1681 1579 1903 1627 Debitores
1929 1592 2159 1644 nuncupet
2178 1610 2192 1625 .

180 1650 437 1700 Excurrere
464 1663 614 1700 autem
641 1648 934 1715 personaliter
950 1651 1007 1700 ad
1037 1666 1234 1700 remotas
1262 1653 1487 1719 Regiones
1509 1685 1526 1708 ,
1554 1649 1613 1698 ad
1642 1648 1793 1698 diffita
1819 1648 1961 1698 maria
1981 1684 1996 1706 ,
2025 1646 2072 1698 ὅ(
2092 1664 2197 1697 nau-

182 1715 343 1769 seantis
379 1734 545 1771 natura
583 1716 757 1771 deserta
793 1739 900 1772 cum
942 1738 1031 1770 non
1062 1720 1227 1790 pollint
1250 1755 1266 1778 ,
1303 1735 1461 1789 utpote
1499 1736 1614 1788 quos
1649 1718 1911 1769 sollicitudo
1951 1720 2199 1768 omnium..

178 1787 489 1840 >Ecclefiarum
508 1827 524 1850 ,
549 1809 599 1840 ac
620 1790 810 1857 provida
832 1791 1041 1863 gubernii
1072 1795 1186 1841 ratio
1216 1793 1261 1840 in
1290 1788 1377 1840 fixa
1400 1792 1570 1841 detinet
1602 1788 1701 1840 sede
1718 1826 1733 1848 ,
1765 1789 2007 1859 Episcopos
2027 1824 2041 1846 ,
2069 1785 2200 1838 alios·

180 1875 272 1927 que
297 1859 584 1928 Apostolicos
603 1862 740 1912 Viros
771 1865 815 1912 in
847 1878 1023 1931 partem
1051 1863 1218 1913 laboris
1247 1880 1409 1913 vocare
1430 1897 1444 1919 ,
1471 1880 1522 1910 ac
1543 1862 1586 1910 in
1602 1878 1717 1930 opus
1738 1863 1977 1932 Evangelii
1997 1860 2200 1929 segrega·

175 1944 245 1977 re
267 1946 352 1978 eos
373 1942 587 1998 oportet,
617 1930 831 1983 sectantes
862 1936 906 1981 in
935 1934 1021 1983 hoc
1053 1938 1113 1984 D.
1147 1935 1265 1984 Petri
1298 1934 1595 1998 exemplum,
1626 1934 1734 1998 qui,
1766 1931 1877 1982 dum
1906 1931 1967 1982 ob
1999 1933 2199 1987 molem,

172 1997 238 2049 -ἅ
278 1999 537 2050 conclusam
587 2000 780 2068 piscium
818 2005 996 2068 copiam
1035 2003 1149 2050 retia
1190 2018 1295 2050 cum
1340 2002 1523 2050 Andrea
1569 2001 1829 2070 restringere
1863 2020 1953 2050 non
1987 2000 2196 2056 valebat,

188 2085 243 2118 ex
273 2070 360 2118 alia
391 2075 496 2121 navi
527 2069 668 2120 socios
706 2070 762 2120 ad
798 2087 933 2139 opem
966 2069 1199 2120 ferendam
1229 2073 1443 2119 vocavit.
1495 2068 1663 2128 Noffe,
1695 2072 1832 2138 qudm
1863 2069 2015 2120 seduld
2050 2067 2159 2118 curii
2179 2103 2196 2128 ,

185 2135 236 2189 ἃ
263 2137 479 2190 indefessi
510 2142 743 2210 vigilantii
773 2142 951 2192 Summi
982 2139 1220 2190 Pontifices
1250 2138 1377 2188 hasce
1405 2143 1606 2188 muneris
1639 2138 1704 2189 sui
1740 2156 1883 2206 partes
1918 2139 2092 2207 semper
2124 2138 2197 2188 ad-

183 2208 509 2277 impleverint,
546 2210 670 2259 aliud
696 2227 786 2259 non
818 2210 1090 2275 requiritur,
1130 2209 1295 2275 quAm,
1320 2223 1369 2257 ut
1399 2206 1683 2274 inspiciantur
1711 2212 1910 2259 Bullaria
1931 2207 2197 2267 Pontificia,

183 2279 392 2348 legantur
404 2278 592 2328 historiae
607 2275 920 2327 Ecclefiasticoe
932 2313 948 2335 ‚
965 2280 1302 2346 volvanturque
1323 2281 1518 2328 Annales
1535 2279 1770 2329 Ordinum
1789 2282 2088 2349 Regularium
2105 2279 2195 2329 ἃς.

169 2361 254 2397 ..tot
286 2349 406 2397 enim
436 2348 498 2397 ibi
526 2348 781 2398 obviabunt
810 2344 1059 2399 assertionis
1091 2367 1200 2399 meae
1229 2349 1505 2400 documenta
1523 2385 1540 2408 ,
1572 2366 1687 2417 quot
1720 2369 1804 2419 pro
1835 2351 2119 2401 concilianda
2149 2347 2196 2400 fi·

87 2468 90 2474 ,
173 2417 246 2468 ‹de-
268 2416 405 2489 longe
429 2417 687 2469 abundant.

169 2516 177 2523 ·
217 2496 219 2499 ’
323 2493 417 2539 Vix
446 2502 600 2539 tamen
634 2507 833 2558 unquam
853 2487 1073 2541 salubrius
1104 2490 1218 2559 quid
1251 2492 1369 2541 circa
1394 2484 1627 2541 Miffiones
1651 2492 1804 2543 astum
1825 2491 2040 2550 videtur,
2058 2493 2195 2559 quam

176 2557 293 2610 dum
337 2556 656 2628 sapientiffimo
698 2562 915 2631 Gregorii
952 2565 1068 2613 XV.
1107 2561 1295 2612 confilio
1327 2566 1648 2632 Congregatio
1688 2562 2194 2615 Eminentiffimorum„

178 2629 492 2681 Dominarum
524 2630 841 2682 Cardinalium
858 2665 874 2689 ,
896 2631 957 2680 de
972 2633 1269 2702 Propaganda
1291 2633 1399 2682 Fide
1437 2635 1634 2683 vocitata
1652 2671 1667 2692 ,
1688 2653 1807 2683 anno
1833 2644 1922 2683 162
1938 2654 1978 2682 ι.
2008 2632 2095 2682 fuit
2133 2636 2195 2680 in·

179 2697 336 2750 stituta
363 2735 379 2759 ,
422 2719 527 2751 cum
570 2698 780 2752 facultate
823 2705 958 2750 omnia
994 2709 1047 2752 &5
1069 2703 1243 2771 fingulae
1277 2707 1440 2769 negotia
1474 2703 1534 2750 ad
1555 2705 1691 2768 fidem
1726 2709 1772 2750 in
1806 2703 2003 2768 universi»
2050 2703 2195 2750 mundo

172 2772 477 2840 propagandam
502 2776 757 2838 pertinentia
792 2773 1047 2840 cognnsbendi
1061 2798 1091 2830 *,
1129 2772 1340 2821 rraHandt'
1370 2805 1633 2821 .........
1668 2771 1921 2822 ‹Mniflros
1957 2771 2194 2838 necefflm'os

179 2841 451 2891 confhtuendi
479 2877 495 2900 ,
529 2849 582 2893 &
617 2843 804 2892 mutandi
820 2845 912 2892 (Tc.
955 2846 1023 2893 Ex
1057 2844 1145 2893 hoc
1182 2844 1304 2891 enim
1329 2846 1425 2904 jam
1457 2844 1643 2900 evenit,
1681 2856 1762 2898 ut,
1793 2860 1892 2909 quae
1928 2841 2045 2892 olim
2084 2857 2192 2889 con·

178 2907 279 2960 fuse
314 2913 433 2960 circa
468 2912 702 2962 Miffiones
737 2913 1021 2982 agebantur,
1060 2914 1269 2984 regulato
1307 2910 1454 2980 gressu
1493 2911 1775 2980 procedant,
1813 2912 2032 2961 libertatis
2067 2911 2186 2960 afflo

176 2978 344 3030 statutd
389 2982 490 3049 lege
517 2982 802 3042 coaristetur,
839 2982 917 3042 ἃ,
958 2983 1071 3035 dum
1097 2982 1405 3034 Miffionarius
1444 2983 1491 3030 in
1528 2999 1640 3050 agro
1671 2983 1919 3032 Dominico
1944 2996 2192 3050 operatur,

173 3054 334 3102 >Roma
366 3051 558 3101 modum
594 3052 735 3103 distet
766 3053 824 3103 ad
858 3053 1076 3105 uberioris
1109 3052 1279 3104 frufflis
1313 3051 1551 3101 colleRam
1571 3088 1583 3102 .

316 3123 434 3188 Quae
459 3124 611 3173 omnia
639 3123 754 3174 dum
785 3141 871 3175 ceu
901 3140 1022 3176 certa
1059 3126 1296 3193 relinquo,
1332 3122 1516 3190 propius
1547 3122 1604 3173 ad
1634 3141 1788 3174 meum
1818 3121 1955 3172 finem
1986 3123 2185 3181 accede,

177 3208 231 3240 aar:
255 3190 313 3242 ad
344 3192 536 3242 Ordinis
565 3193 701 3243 nostri
733 3196 958 3262 Capucini
990 3193 1228 3245 Missiones
1260 3192 1561 3262 progredior.

317 3263 431 3312 Tria
462 3261 670 3314 videntur
706 3263 991 3331 potissimum
1022 3266 1170 3332 capita
1192 3300 1208 3323 ,
1247 3282 1345 3331 quae
1372 3267 1663 3332 Capucinum
1694 3265 1751 3314 ad
1783 3262 2081 3330 suscipiendas
2120 3262 2187 3312 sti·

176 3332 352 3382 mulare
387 3331 555 3381 debent
585 3332 860 3391 Missiones,
897 3338 1157 3402 exemplum
1188 3335 1402 3383 videlicet
1427 3339 1474 3385 S.
1504 3339 1552 3385 P.
1584 3333 1836 3392 Francisci,
1867 3336 2049 3382 libertas
2079 3338 2187 3382 Fra-

172 3399 323 3452 tribus
349 3405 394 3451 in
428 3406 564 3453 Sacra
598 3407 775 3472 Regula
805 3402 1034 3462 concessa,
1069 3403 1117 3455 ὅ(
1149 3404 1310 3454 deinde
1346 3402 1437 3471 ipse
1470 3403 1743 3454 Missionum
1774 3402 1872 3452 finis
1909 3402 1958 3456 ἃ
1995 3401 2153 3469 scopus
2176 3439 2189 3451 .

322 3473 452 3522 Nihil
471 3476 531 3522 ita
551 3473 607 3522 ad
627 3473 830 3530 virtutis,
842 3487 1148 3540 quantumque
1163 3477 1298 3524 etiam
1316 3474 1835 3532 arduae,aemulationem
1855 3473 2190 3538 movet,quam

171 3538 441 3606 :exemplum
456 3561 468 3590 =
486 3542 712 3593 ostensum
730 3543 881 3592 hocin
900 3557 1080 3601 extero,
1094 3545 1263 3602 allicit,
1277 3546 1506 3611 captivat,
1523 3546 1707 3592 incitat:
1732 3540 1954 3591 ostensum
1972 3557 2124 3591 autem
2143 3546 2188 3592 in

173 3609 342 3667 >Patre,
357 3613 493 3662 trahit
508 3613 564 3662 ad
580 3613 803 3681 sequelam
818 3631 834 3671 ;
848 3609 1000 3677 eoipso
1018 3615 1137 3661 enim
1149 3648 1164 3671 ,
1178 3613 1300 3680 quod
1319 3629 1471 3661 tenero
1489 3613 1772 3662 paternitatis
1790 3612 2042 3661 charastere
2062 3611 2114 3662 fit
2128 3611 2188 3662 af·

174 3673 352 3727 -feaum
365 3713 381 3736 ,
394 3683 559 3731 excitat
576 3686 620 3733 in
639 3687 756 3733 Filio
775 3683 1073 3733 reverentiam
1087 3717 1102 3739 ‚
1123 3700 1216 3749 quae
1235 3682 1485 3732 attraffivae
1504 3684 1701 3747 exempli
1720 3683 1882 3732 virtuti
1900 3686 2023 3732 unita
2041 3684 2189 3734 reddit

175 3745 431 3816 ,impulsum
464 3746 700 3805 fortiorem
717 3789 731 3804 .
769 3750 1054 3804 Vertendum
1081 3753 1193 3814 mihi
1219 3753 1264 3801 in
1289 3755 1455 3803 vitium
1481 3749 1650 3800 merit&
1673 3749 1792 3801 foret
1808 3787 1824 3812 ,
1851 3750 1886 3802 fi
1903 3757 2077 3804 Fratres
2104 3773 2184 3804 no-

327 3817 446 3867 Tom.
482 3818 517 3866 V
521 3819 542 3867 Ι
548 3819 586 3869 Ι.
1560 3824 1607 3870 N
2007 3823 2119 3875 stros
