2496 4172
978 175 985 210 1
1054 135 1550 260 Apostolica.

283 288 487 338 constituti
502 318 515 342 ‚
531 287 754 347 majoribus
769 285 1006 350 Apostolicae
1021 287 1160 331 nostrae
1170 289 1261 331 cha·

283 351 414 397 ritatis
429 378 442 399 ‚
474 347 814 405 benignitatisque
826 348 1060 391 testimoniis
1080 346 1263 403 eomple-

281 410 334 452 ἂί
350 409 538 463 gestimus
552 438 567 460 ,
593 408 889 451 confiderantes
905 406 1102 458 maxime,
1132 420 1259 463 quan·

249 513 255 520 ,
283 479 326 511 ta
341 494 354 516 ‚
366 471 406 510 δι
421 470 540 523 quam
560 467 764 510 luculenta
781 465 1012 509 Christianae
1025 467 1204 521 pietatis,
1218 465 1259 507 &-

277 526 476 583 religiosae
491 526 742 582 perfeelionis
774 524 987 581 exempla,
1009 538 1103 567 cum
1128 524 1260 566 sacra·

278 601 367 629 rum
393 586 663 628 doarinarum
690 583 938 640 splendore,
964 592 1087 638 atque
1112 594 1258 626 aeterna

281 646 517 690 Animarum
531 645 653 687 salute
664 642 875 698 eonjuneta
888 662 890 664 v
904 644 955 685 ab
979 643 1098 684 initio
1114 645 1152 684 in
1172 644 1255 685 Ca-

281 704 437 747 tholica
454 702 626 746 Ecclefia
646 729 661 753 ,
691 703 746 744 ita
759 702 802 742 in
816 700 903 745 dies
919 699 1130 758 proferant
1156 699 1255 743 reli-

284 761 477 818 giofisfimi
491 761 598 818 illius
611 760 777 804 Ordinis
796 759 980 814 Alumni,
994 772 1040 804 ut
1056 759 1155 803 nihil
1170 762 1255 802 Or-

276 821 483 864 thodoxos
506 847 521 872 ‚
559 819 895 876 Acatholicosque
936 818 1099 863 viciffim
1133 818 1256 862 vehe-

279 880 450 921 mentius
463 876 700 940 perstringat
715 906 729 930 ‚
743 880 783 922 δι
798 880 847 923 ad
862 879 1061 922 saniorem
1076 887 1255 921 mentem

274 937 475 987 seducat,
496 937 616 992 quam
646 938 899 982 celeberrimi
917 938 1093 982 instituti
1120 938 1253 980 inita-³

273 1009 369 1040 cum
394 995 626 1040 austerioris
652 997 743 1040 vita
769 997 1023 1041 fanetimonia
1054 997 1185 1049 ratio,
1215 997 1255 1039 &

275 1054 592 1099 Christianarum
630 1055 827 1100 virtutum
865 1057 1003 1100 remita
1030 1057 1146 1112 ‘prius
1180 1069 1252 1112 per

281 1113 441 1158 eosdem
467 1114 668 1157 Alumnos
688 1142 703 1165 ‚
739 1116 857 1170 quam
879 1114 1094 1159 diutislime
1116 1115 1214 1158 trita
1237 1140 1252 1163 s

273 1172 423 1217 deinde
435 1172 524 1215 aliis
539 1173 727 1229 exemplo
741 1175 809 1225 ,βε
824 1176 950 1218 vei-bo
964 1174 1138 1219 indicata
1151 1203 1164 1214 .
1179 1176 1253 1215 Ea-

279 1239 448 1288 propter
462 1233 700 1275 accedentes
712 1235 799 1276 Nos
824 1233 875 1276 ad
892 1231 1133 1276 audiendum
1149 1234 1253 1274 Ver·

278 1293 374 1332 bum
391 1290 492 1341 Dei,
519 1290 626 1346 quod
649 1292 689 1333 in
708 1292 946 1347 apostolico
961 1291 1118 1335 Palatio
1143 1288 1252 1332 statis

278 1349 527 1404 temporibus
558 1349 766 1404 praedicari
785 1349 916 1399 solet,
941 1360 1038 1393 tunc
1056 1349 1254 1405 temporis

270 1407 552 1461 maximopere
592 1406 850 1452 laudabamus
899 1407 1255 1464 sapie-minimum..

274 1465 551 1508 Romanorum
570 1465 810 1511 Pontificum
827 1466 1157 1512 pradecefforum
1181 1480 1254 1510 no·

269 1523 448 1568 ntorum
472 1522 682 1568 confilium
698 1553 713 1578 ,
740 1527 807 1583 qui
834 1539 882 1570 ex
911 1527 990 1569 hoc
1011 1525 1251 1584 potiffimum

272 1583 433 1626 Ordine
457 1581 741 1627 vindicatores
756 1584 804 1628 ad
823 1584 1044 1639 hujusmodi
1074 1583 1250 1627 officium

270 1639 492 1684 adstiscere
505 1639 821 1695 consueviss'ent3
839 1645 898 1685 Ex
920 1642 996 1684 illo
1007 1643 1140 1693 enim,
1171 1654 1252 1684 non

260 1709 356 1745 eam
374 1697 572 1755 majorum
585 1699 811 1743 nostrorum
826 1730 841 1753 ,
853 1702 970 1758 quain
986 1700 1117 1744 nostra
1131 1700 1256 1744 etiam

277 1756 470 1804 memoria
485 1755 724 1815 prodierunt
740 1758 1043 1817 infignesverbi
1060 1759 1137 1804 Dei
1153 1762 1255 1803 Prn-

277 1829 428 1868 cones,
456 1829 629 1875 quorum
654 1816 776 1861 etiam
805 1823 846 1861 in
879 1818 1082 1876 presentia
1113 1833 1256 1874 quam-

273 1874 441 1934 plurimi
455 1875 602 1931 ubique
616 1888 686 1932 per
697 1877 773 1918 Cat
781 1876 965 1921 holitum
975 1878 1126 1923 Orbem
1141 1890 1255 1920 com·

273 1932 539 1978 attendantur·
572 1935 688 1976 Inter
703 1935 805 1978 alios
823 1937 922 1979 vero
936 1966 950 1988 ,
964 1938 1032 1994 qui
1049 1936 1254 1992 praeclaras

273 1991 592 2038 concionatoris
607 1993 646 2035 in
660 1993 817 2037 Palatio
833 1994 1074 2051 Apostolico
1091 2006 1222 2052 partes
1237 2023 1253 2048 ,

273 2051 430 2101 summ
451 2063 546 2095 curn
571 2052 743 2095 nominis
773 2051 893 2096 laude
909 2081 939 2107 ‚‚
954 2054 1224 2110 expleverunt
1238 2082 1255 2107 ‚

269 2121 424 2171 praeter
447 2111 732 2155 Venerabilem
771 2114 958 2156 Fratrem
993 2116 1253 2157 Bonaventu-

262 2170 570 2221 'ram,Ferrariae
584 2170 983 2228 Archiepiscopum,a
1000 2172 1144 2220 Nobis,
1158 2171 1256 2214 dum

275 2228 554 2272 in'minoribus
567 2230 721 2284 pariter
735 2227 901 2274 effemus’
911 2259 927 2282 ‚
953 2244 1045 2273 eum
1061 2232 1251 2285 volupta-

270 2296 315 2330 te
342 2286 412 2328 diu
438 2285 622 2328 auditum
645 2315 660 2338 ‚
691 2301 738 2329 ac
765 2298 982 2344 tantopere
1006 2290 1250 2346 probatum,

267 2343 354 2387 duo
380 2343 503 2386 etiam
530 2343 570 2385 in
592 2347 758 2387 Sacrum
783 2349 935 2390 Sandiae
961 2350 1153 2391 Romanae
1171 2350 1249 2389 Ec·

267 2402 391 2452 defit
421 2400 702 2444 cardinalium
730 2403 965 2460 Collegium
997 2405 1142 2448 adleeli
1168 2404 1251 2450 fue-

268 2470 371 2506 runt
387 2488 400 2511 ‚
426 2457 631 2503 Anselmus
658 2460 679 2503 d
697 2462 938 2518 Monop01i‚
958 2466 998 2507 δι
1015 2464 1252 2509 franciscus

249 2530 259 2544 ‘
270 2515 403 2580 Maria
414 2520 464 2561 ab
480 2520 649 2560 Aretio.
682 2521 756 2563 His
768 2519 858 2563 sane
874 2550 888 2572 ‚
899 2522 1065 2578 aliisque
1075 2524 1253 2567 animum

240 2581 330 2620 ‘mo
361 2576 455 2618 'rum
472 2577 757 2630 moventibus,
778 2589 899 2635 atque
914 2593 961 2622 ex
976 2595 1027 2623 eo
1040 2583 1162 2624 etiam
1177 2582 1252 2625 ad-

270 2635 328 2679 d‘u
367 2633 408 2682 i,
433 2633 542 2690 quod
571 2635 610 2677 in
626 2635 697 2678 hac
714 2636 833 2680 Alma
850 2639 959 2681 Urbe
985 2639 1115 2683 nostra
1139 2640 1249 2686 alia-0

238 2741 245 2749 ·
271 2692 443 2742 Officia,
465 2701 587 2748 atque
598 2694 816 2740 Ministeria
842 2695 933 2739 aliis
957 2698 1249 2742 nonnullorum
1328 2714 1335 2721 ·

270 2751 573 2808 Religiosbrum
586 2753 788 2798 ordinum
804 2754 994 2799 Alumnis
1022 2756 1075 2799 ita
1088 2756 1246 2802 additia

253 2811 311 2876 (³⁰
333 2821 570 2867 perpetuum
584 2811 700 2863 sunt,
732 2822 778 2856 ut
804 2827 973 2858 munera
989 2815 1247 2871 hujusmodi,

270 2879 477 2925 tamquam
491 2869 560 2910 fibi
590 2869 729 2914 debita
746 2872 993 2918 vindicantes
1006 2875 1247 2920 Ordinuma

278 2927 520 2984 Superiores
532 2953 547 2975 s
558 2930 639 2983 quo
653 2928 890 2974 laudabilius
901 2932 1101 2977 obeantur
1110 2962 1125 2985 ‚
1138 2936 1247 2992 opti-

276 2998 595 3043 mumquemque
621 2986 776 3032 thorum
804 2991 915 3034 omni
940 2992 1097 3043 studio,
1125 2999 1250 3052 atque

271 3057 370 3094 eura
397 3046 666 3104 conquirant,
695 3047 935 3094 confidimus
953 3050 1071 3106 fore,
1105 3062 1151 3097 ut
1173 3055 1251 3100 im·

1005 3185 1232 3251 ΝΟ

1319 290 1548 345 posterum,
1571 285 1916 348 quemadmodum
1932 300 2123 345 haetenus
2137 330 2151 351 ‚
2178 306 2307 347 bene-

1317 348 1480 392 dicente
1505 350 1719 400 Domino,
1745 346 1891 393 factum
1903 358 1986 407 est,
2011 373 2059 400 ex
2084 372 2305 403 memorato

1318 409 1623 463 Capucinorum
1651 407 1807 450 Ordine
1834 410 1969 452 eximii
1998 414 2038 455 in
2063 416 2304 470 Apostolico

1319 467 1482 509 Palatio
1499 467 1828 510 Concionatores
1852 467 2099 511 habeantur.
2130 476 2274 526 ltaque
2290 501 2306 524 ,

1318 529 1441 569 Motu
1456 527 1624 581 proptio
1636 554 1650 576 ,
1661 539 1743 566 non
1762 525 1811 566 ad
1830 525 2003 579 aiicujus
2017 529 2144 568 Nobis
2159 556 2173 578 ,
2186 530 2304 584 super

1318 586 1394 627 hoc
1413 585 1556 628 oblatae
1571 584 1778 640 petitionis
1794 583 2021 626 instantiam
2035 612 2050 635 ‚
2075 583 2140 626 sed
2155 584 2207 625 de
2226 599 2303 628 no-

1317 646 1395 687 stra
1417 658 1523 686 mera
1536 643 1863 695 deliberatione,
1888 656 1935 684 ac
1964 651 2079 685 certa
2111 639 2306 694 scientia,

1317 705 1556 747 austeritate
1573 702 1802 759 Apostolica
1818 729 1831 751 ‚
1860 713 2001 746 tenore
2027 700 2273 756 presentium
2287 727 2310 750 ,

1318 764 1522 806 statuimus
1539 791 1553 813 ‚
1567 762 1825 805 decernimus
1840 788 1856 811 ,
1870 763 1911 804 δι
1924 760 2180 807 ordinamus,
2196 758 2307 813 quod

1316 822 1507 879 deinceps
1523 822 1729 878 perpetuis
1754 818 1902 864 futuris
1932 819 2182 875 temporibus
2205 815 2308 859 offi-

1316 882 1422 926 cium
1459 881 1692 939 proedietum
1725 880 2039 924 Concionatoris
2052 873 2273 933 Apostolici
2288 903 2304 927 ,

1315 941 1436 984 alicui
1464 941 1558 984 dieti
1589 940 1754 983 Ordinis
1770 941 1978 983 Minorum
1993 937 2305 993 Capucinorum

1317 998 1557 1051 Profell‘ori,
1582 999 1786 1041 committi
1806 997 2030 1050 ‚coneedi‚
2053 998 2094 1039 δι
2121 995 2304 1052 affignari

1315 1060 1489 1102 debeat.
1528 1062 1800 1102 Decernentes
1814 1055 1971 1100 easdem
1997 1055 2206 1112 praesentes
2233 1054 2305 1097 lit-

1315 1128 1445 1168 teras,
1466 1120 1504 1160 &
1531 1119 1572 1160 in
1595 1120 1652 1159 eis
1678 1127 1870 1159 contenta
1887 1129 2163 1172 quacunque,
2196 1112 2302 1157 sem-

1315 1190 1387 1233 per
1401 1174 1542 1224 firma,
1572 1176 1702 1217 valida
1720 1203 1733 1228 ,
1757 1178 1797 1220 &
1825 1174 2001 1219 efficacia
2031 1175 2197 1216 existere
2214 1200 2229 1224 ‚
2260 1173 2302 1215 δι

1313 1235 1401 1277 fore
1416 1263 1429 1285 ,
1443 1233 1607 1289 suosnue
1623 1235 1822 1289 plenarios
1842 1263 1857 1285 ‚
1880 1234 2112 1289 &integros
2128 1231 2300 1275 effestus

1312 1293 1451 1337 sortiri
1470 1321 1483 1344 ,
1497 1293 1537 1341 δι
1550 1292 1756 1344 obtinere,
1770 1307 1813 1334 ac
1830 1292 1936 1340 illis,
1952 1293 2001 1334 ad
2016 1305 2118 1345 quos
2136 1290 2300 1345 spestat,

1310 1355 1351 1396 &
1367 1365 1443 1407 pro
1457 1350 1997 1407 tempore,quandocumque
2013 1349 2200 1403 spectabit
2219 1378 2234 1398 ,
2253 1349 2295 1390 in

1312 1410 1496 1455 omnibus
1508 1436 1524 1462 ,
1537 1414 1574 1453 &
1591 1424 1661 1465 per
1677 1409 1808 1452 omnia
1825 1407 2045 1464 pleniffime
2059 1406 2267 1460 suffragari
2286 1433 2302 1457 ,

1313 1470 1445 1526 ficque
1465 1470 1504 1510 in
1524 1468 1719 1524 praemiffis
1753 1481 1822 1522 per
1853 1467 2108 1522 quoscunque
2132 1464 2300 1519 Judices

1313 1529 1554 1572 ordinarios
1571 1555 1587 1579 ,
1607 1529 1645 1568 δι
1665 1525 1885 1579 Delegatos
1899 1554 1915 1576 ,
1936 1525 2060 1567 etiam
2076 1521 2303 1567 Causarum

1316 1587 1460 1632 Palatii
1487 1585 1715 1640 Apostolici
1738 1583 1958 1629 Auditores
1984 1610 1998 1632 ‚
2035 1581 2230 1638 judicari,
2259 1582 2302 1623 δι

1315 1643 1473 1692 definiri
1484 1643 1634 1690 debere
1648 1670 1662 1693 ‚
1676 1657 1720 1688 ac
1734 1644 1899 1687 irritum
1913 1670 1928 1693 ,
1943 1643 1982 1688 δι
1993 1643 2133 1689 inane,
2148 1639 2171 1680 si
2188 1639 2299 1685 secus

1316 1705 1432 1761 super
1464 1703 1524 1745 his
1565 1703 1586 1745 Ξ
1609 1716 1814 1761 quoquam
1841 1704 1985 1759 quavis
2008 1698 2297 1744 auctoritate.»

1317 1766 1485 1809 scienter
1500 1790 1514 1814 ‚
1542 1762 1606 1804 vel
1636 1764 1869 1818 ignoranter
1883 1759 2103 1816 contigerit
2118 1767 2303 1800 attenta-—

1315 1825 1351 1866 ri
1368 1852 1380 1865 .
1413 1824 1509 1864 Non
1520 1821 1771 1864 obstantibus
1781 1818 1981 1877 premitus
1993 1846 2007 1868 ,
2030 1833 2078 1862 ac
2093 1816 2302 1861 Constitu·

1314 1880 1490 1925 tionibus
1515 1879 1786 1937 Apostolicis,
1812 1893 1885 1923 nec
1912 1893 1993 1921 non
2017 1878 2113 1921 dieti
2127 1875 2300 1919 Ordinis

1316 1941 1624 1996 Capucinorum
1636 1966 1650 1990 ‚
1662 1951 1700 1983 et
1709 1942 1785 1982 iam
1803 1938 2036 1995 juramento
2048 1963 2063 1987 ‚
2077 1934 2302 1979 confirma-

1315 2000 1431 2043 tione
1444 1999 1704 2055 Apostolica‚
1731 1999 1794 2042 vel
1821 1998 1960 2054 quavis
1974 1994 2163 2039 firmitate
2189 1994 2303 2038 alia„

1316 2059 1519 2102 roboratis
1549 2060 1719 2102 statutis
1744 2087 1759 2110 ‚
1798 2059 1840 2099 δι
1884 2054 2260 2099 Consuetudinibus
2281 2080 2300 2104 ‚

1316 2118 1545 2174 privilegiis
1559 2131 1719 2173 quoque
1731 2115 1900 2159 indultis
1916 2145 1930 2166 ,
1951 2117 1991 2158 dt
2007 2114 2303 2167 LitterisApo-¹

1315 2176 1462 2219 stolicis
1488 2178 1527 2217 in
1541 2177 1792 2219 contrarium
1815 2174 2099 2229 pramifforum
2121 2174 2301 2227 quomo-2¹

1315 2235 1473 2277 dolibet
1487 2234 1675 2277 concertis
1688 2264 1702 2287 ,
1715 2233 1969 2276 confirmatis
1985 2262 2000 2282 ,
2013 2229 2268 2274 &innovatis
2280 2251 2296 2272 .-

1310 2295 1470 2352 Qibus
1484 2294 1685 2342 omnibus,
1707 2292 1935 2348 &fingulis‚
1954 2291 2115 2333 illorum
2127 2299 2294 2332 tenores

1313 2353 1571 2408 prasentibus
1583 2367 1660 2406 pro
1675 2351 1794 2408 plene
1811 2380 1822 2402 ‚
1835 2353 1875 2393 δι
1890 2349 2131 2395 sufficienter
2144 2344 2297 2404 express

1314 2411 1359 2455 sis
1374 2439 1389 2464 ‚
1399 2427 1440 2455 ac
1456 2411 1507 2453 dc
1521 2413 1648 2455 verbo
1659 2410 1710 2454 ad
1731 2411 1899 2454 verbum
1911 2408 2067 2452 insertis
2081 2408 2268 2451 habentes
2281 2434 2297 2457 ‚

1313 2471 1395 2513 illis
1409 2471 1508 2514 alias
1520 2471 1559 2512 in
1577 2470 1647 2513 suo
1660 2471 1809 2513 robore
1824 2468 2091 2525 permansuris
2102 2494 2116 2515 ‚
2131 2466 2182 2510 ad
2197 2479 2298 2522 prae-

1311 2526 1517 2572 miliorum
1530 2528 1715 2572 effee’tum
1731 2558 1747 2579 ,
1771 2530 1847 2571 bae
1871 2528 1960 2570 vice
1974 2527 2185 2571 dumtaxat
2204 2525 2294 2580 spe-

1311 2587 1475 2630 cialiter
1489 2615 1504 2637 ,
1515 2588 1555 2628 8ι
1568 2586 1754 2643 expresse
1767 2586 2009 2641 derogamus
2023 2614 2037 2637 ‚
2053 2583 2297 2640 caeterisque

1310 2645 1526 2688 contrariis
1541 2645 1846 2700 quibuscunque
1859 2671 1870 2682 .

1427 2708 1580 2747 Datum
1615 2707 1755 2746 Romae
1778 2701 1882 2756 apud
1908 2704 2091 2744 SanRam
2121 2700 2294 2744 Mariam

1306 2764 1509 2819 Maiorem
1550 2762 1618 2807 sub
1669 2762 1836 2804 Annulo
1872 2761 2086 2804 piscatoris
2121 2761 2188 2803 die
2223 2773 2238 2802 1
2252 2773 2290 2803 t.

1305 2824 1445 2867 Martii
1461 2836 1716 2867 nuceum.
1732 2818 2002 2865 Pontificati'is
2019 2818 2156 2865 Nostri
2171 2821 2295 2864 Anno

1311 2882 1460 2927 Tertio
1475 2911 1488 2923 .

1370 3003 1428 3044 Ex
1443 3001 1548 3044 Buce.
1559 2999 1609 3049 ὅ·
1620 2996 1946 3055 tonepred.fh1·
1961 3008 2060 3052 ²⁴5·

1325 3189 1542 3256 TA

419 3339 506 3406 1¹⁸3
518 3341 896 3408 Summo-Pontifice
905 3343 1107 3390 Ordinem
1122 3349 1300 3393 nostrum
1316 3350 1622 3407 peculiariffima
1636 3353 1710 3395 hac
1725 3350 1854 3410 gratia
1868 3347 2109 3392 decoratum
2123 3374 2139 3397 ,
2162 3347 2204 3388 δε
2228 3343 2293 3390 db·

436 3398 616 3467 stufaum
635 3394 743 3444 f⁰¹ffe
755 3403 820 3444 F‘·
836 3403 1140 3458 B⁰n²Veflt⁰¹¹22
1155 3409 1473 3467 Archiepifeopo
1488 3411 1634 3455 Patria
1663 3412 1700 3454 in
1708 3417 1916 3457 notuerat,
1930 3410 2103 3463 partium
2132 3404 2292 3448 suarum

257 3452 550 3527 '‘ffefqsssfflts
581 3468 668 3500 tum
691 3472 766 3515 pro
793 3461 920 3513 gratia
942 3470 1076 3507 totum
1096 3465 1291 3511 Ordinem
1317 3477 1537 3526 tangente,
1563 3480 1651 3512 tum
1677 3483 1753 3524 pro
1768 3467 1972 3524 praeconio
1998 3467 2035 3508 δι
2059 3466 2290 3508 memoria)

257 3510 328 3554 'de
351 3514 462 3559 ¹¹1¹!ss
487 3519 660 3584 Pfrsona
691 3522 730 3560 in
750 3518 992 3574 Apostolico
1011 3524 1133 3566 Brevi
1157 3522 1258 3568 fasta
1280 3537 1442 3583 gratum
1464 3530 1639 3571 animum
1668 3543 1740 3584 per
1768 3527 1922 3569 litteras
1951 3524 2166 3568 contestari
2189 3551 2205 3576 ,
2235 3520 2290 3565 ad

255 3575 658 3626 quassumffimus
682 3576 843 3620 laudem
872 3578 1040 3625 Ordinis
1065 3582 1106 3624 δι
1131 3582 1437 3642 Archiepiscopi
1460 3586 1649 3632 iterando
1667 3615 1685 3638 ,
1710 3583 1951 3642 respondere
1971 3583 2161 3641 dignatus
2191 3581 2248 3625 cst
2269 3591 2288 3635 ,·

270 3637 319 3671 ut
341 3632 518 3688 [equitur
534 3647 547 3677 ε
576 3652 581 3674 ;

383 3810 488 3861 Tm.
508 3810 590 3853 Vll.

1291 3822 1424 3876 Yya

2106 3824 2226 3866 BE-
