2496 4172
422 163 588 273 360

356 304 502 351 Roma
526 314 864 364 congregatorum
889 308 1055 353 consilio
1071 312 1139 363 ,er
1150 311 1295 355 affinsu
1311 341 1326 365 ,

356 364 541 428 agnitum
552 376 675 423 atque
687 369 903 423 probatum
916 395 932 417 ,
948 370 1175 424 Apostolica
1191 373 1328 413 aueto-

354 432 497 476 ritate,
512 425 732 468 humilitati
748 427 902 470 Nostrae
912 427 1111 474 divinitus
1126 427 1302 471 concessa
1314 436 1343 482 ,¹

354 480 549 525 universe
572 485 757 528 Ecclefiae
781 487 854 527 Dei
880 486 1099 530 colendum
1115 516 1132 538 ,
1155 489 1196 529 δι
1213 501 1334 530 vene·

355 541 529 584 randum
541 546 805 599 proponimus
818 557 832 586 :
846 546 931 601 Qui
946 546 1205 601 Sigmaringae
1220 550 1334 588 Con-

355 601 576 644 flautienfis
592 603 789 645 Dioecefis
817 605 859 644 in
874 605 1023 645 svevia
1049 604 1232 662 Oppidi,
1255 606 1335 646 ho-

354 659 463 703 nesta
479 660 683 716 Rojorum
700 661 820 716 stirpe
831 689 848 712 ‚
876 661 1106 705 Catholicis
1121 662 1329 718 piisque-a

354 720 592 774 parentibus
612 729 729 760 ortus
751 732 857 760 anno
891 720 1056 761 Domini
1085 733 1280 763 mntxxvi
1295 733 1327 759 1.

354 779 397 823 &
413 776 576 818 salutari
606 777 771 819 lavacro
794 775 1027 830 tempestive
1056 788 1332 831 regeneratus,

354 836 596 876 innocenter
607 833 741 876 exaffl
756 834 927 888 pueritia
941 860 953 882 ,
965 834 1007 875 &
1021 834 1201 889 sequenti
1215 844 1331 876 aetate

355 894 395 934 in
414 889 764 933 honestissimarum
779 890 1112 946 disciplinarum,
1135 894 1177 934 δι
1200 891 1331 934 scien·

353 951 501 991 tiarum
522 947 659 990 studiis
673 962 766 990 cum
782 947 904 990 laude
930 949 1125 991 transaelfi
1139 976 1154 997 ‚
1180 948 1330 990 nobili-

351 1007 423 1048 bus
436 1005 584 1049 deinde
594 1004 939 1049 Adolescentibus
954 1006 1329 1058 ltaliam‚Galliam-

349 1079 430 1120 que
444 1078 540 1121 pera
571 1064 746 1107 rantibus
772 1077 911 1107 comes
931 1065 972 1106 δε
986 1067 1230 1121 gubernator
1255 1065 1329 1106 da-

350 1135 416 1167 tus
432 1152 447 1176 ,
461 1123 526 1167 sex
555 1124 667 1167 erme
679 1137 872 1165 annorum
890 1122 1019 1179 spatio
1033 1153 1047 1176 ,
1074 1133 1160 1167 tum
1173 1136 1331 1175 eorum,

349 1194 439 1227 tum
451 1185 625 1240 propri:
637 1181 910 1226 eruditioni&
925 1183 1071 1228 virtuti
1085 1195 1332 1239 promoven·

350 1244 412 1287 dae
424 1271 440 1294 ‚
466 1240 643 1288 sedulam
668 1242 831 1287 navavit
842 1256 1008 1298 operam
1022 1271 1036 1284 .
1069 1243 1168 1285 Mox
1181 1242 1329 1285 utrius-

350 1316 432 1359 que
462 1302 559 1360 juris
585 1303 761 1345 lauream
781 1302 966 1359 friburgi
982 1301 1147 1358 adeptus
1158 1331 1172 1354 ‚
1186 1301 1328 1344 Advo-

349 1362 429 1404 cati
445 1375 589 1405 munus
618 1362 854 1405 Enlishemii
878 1360 918 1404 in
947 1360 1103 1405 Alsatia
1137 1359 1331 1417 professus

347 1419 420 1463 est.
435 1421 731 1475 Verum‚quum
748 1418 864 1477 ipfius
874 1420 1028 1464 animus
1042 1420 1247 1464 desideriis
1263 1418 1330 1461 sae-

350 1480 557 1523 cularibus
569 1480 804 1535 neutiquam
832 1478 1025 1523 inhaerens
1037 1506 1051 1530 ,
1064 1479 1117 1522 ad
1133 1478 1328 1522 Christia-

350 1554 411 1583 σε
436 1537 691 1594 persefflonis
723 1538 894 1581 studium
917 1539 1103 1583 interiori
1127 1538 1205 1580 Dei
1225 1551 1327 1581 voce

353 1599 586 1642 traheretur
597 1613 616 1651 3
631 1597 881 1641 turbulentas
895 1599 986 1641 Fori
1012 1597 1328 1649 controversias,

350 1669 473 1713 atque
486 1655 658 1713 suspecta
672 1656 835 1713 negotia
857 1655 942 1699 citb
954 1655 1102 1700 dimilit
1115 1686 1133 1709 ‚
1148 1656 1324 1713 seque-a

348 1717 510 1761 Divinis
524 1713 727 1772 obsequiis
742 1714 963 1771 pleniffime
974 1715 1253 1764 dedicaturus,
1267 1716 1326 1759 sa-

347 1777 428 1820 cris
447 1773 560 1818 fimul
590 1774 813 1819 Ordinibus
824 1775 974 1818 initiari
989 1801 1004 1824 ‚
1032 1776 1073 1816 δε
1104 1776 1144 1817 in
1161 1774 1326 1829 religio-

346 1839 427 1880 sam
443 1834 651 1877 Familiam
668 1835 853 1876 Fratrum
866 1834 1071 1875 Minorum
1087 1831 1330 1875 S.Francisci

349 1894 652 1948 Capucinorum
665 1892 825 1933 admitti
839 1891 1055 1948 postulavit
1066 1920 1079 1934 .
1112 1888 1328 1945 Utriusque

347 1954 432 1994 voti
446 1965 612 2005 compos
626 1949 789 1993 effeetus
801 1981 817 2002 ,
838 1951 920 2004 post
936 1950 1113 2006 primum
1129 1948 1247 1992 Miffoe
1259 1950 1328 1991 Sa-

343 2009 540 2053 crificium
563 2008 630 2052 die
645 2011 765 2053 Festo
778 2009 956 2065 ejusdem
987 2013 1027 2052 S·
1048 2007 1247 2052 francisci
1262 2023 1326 2053 re—

343 2068 584 2126 ligiosissime
602 2071 803 2124 peractum
818 2097 835 2120 ,
847 2069 1032 2111 arctioris
1047 2068 1227 2112 Instituti
1242 2071 1327 2111 Ha-

343 2130 610 2185 bitum'atque
625 2128 1084 2184 rationem‚novumque
1099 2129 1325 2172 notius

341 2187 1326 2291 itam-‘'¹355“:2212‡²:3÷‘}t‚{?⁶²‘s::5>2355

340 2263 386 2349 dt,
412 2261 607 2349 Eccleii:2
629 2261 748 2363 usqti’e
778 2303 830 2348 ad
859 2314 1035 2349 mortem
1053 2275 1069 2299 ⁵
1077 2259 1323 2361 graestiturus

339 2374 430 2409 erat
442 2391 459 2418 ,
479 2362 679 2421 affumpfit
691 2392 705 2407 .
1040 2392 1043 2414 e

459 2424 710 2481 Evangelicoe
734 2425 1008 2481 paupertatis,
1029 2422 1292 2469 continentie
1304 2452 1321 2475 ‚

338 2481 665 2540 obedientiaeque
679 2494 776 2527 vota
790 2512 807 2535 ,
832 2483 883 2526 ad
896 2497 982 2540 que
1009 2495 1100 2527 toto
1111 2482 1318 2528 constituti

340 2542 555 2599 Tyrocinii
571 2540 741 2587 decursu
754 2569 770 2594 ,
785 2542 966 2587 omnium
989 2544 1188 2586 virtutum
1201 2555 1321 2584 eser-

338 2603 540 2646 citatione
550 2598 592 2644 se
606 2611 912 2654 comparaverat
923 2613 1003 2652 ‚eo
1016 2599 1156 2656 spiritu
1175 2599 1320 2652 emisit,

339 2672 386 2705 ut
398 2659 553 2714 semper
566 2661 642 2702 boe
655 2657 782 2715 ipsum
795 2658 903 2703 inter
913 2659 1086 2703 maxima
1099 2672 1193 2716 erga
1208 2659 1322 2703 stui-

339 2722 440 2764 vinoe
464 2718 666 2776 largitatis
689 2715 884 2763 beneficia
913 2718 1297 2762 commemoraverit
1307 2743 1321 2765 ‚

338 2780 448 2838 quod
461 2777 509 2820 ad
525 2793 571 2822 ea
585 2775 811 2834 profitenda
831 2788 996 2821 vocatus
1020 2776 1171 2827 suerit,
1197 2778 1235 2820 δι
1251 2773 1320 2820 ad·

336 2835 489 2883 missus·
505 2841 647 2896 Quare
661 2836 713 2883 de
727 2838 905 2896 ipibrunt
922 2835 1192 2895 implemento
1208 2835 1318 2879 omni

335 2896 855 3008 322350‘2‘2'322‘22232
870 2894 1320 3013 ‘'Quifff'ss‘ifflfii.

868 2983 884 3008 ἱ

338 3013 545 3070 seiplinam
564 3012 717 3058 summo
732 3015 862 3059 studio
890 3025 1011 3072 atque
1033 3011 1316 3059 humilitate-..⁰

339 3075 448 3117 serva
456 3073 510 3117 vit
525 3073 592 3125 3&
602 3087 727 3130 quum
739 3073 929 3131 deinceps
942 3101 957 3125 ‚
981 3087 1032 3119 ex
1047 3070 1284 3118 obedientia
1300 3097 1316 3124 ,

338 3130 579 3177 Conventus
590 3129 933 3178 Veldltirebiensis
946 3148 987 3179 re
1020 3133 1131 3178 imini
1147 3131 1214 3176 diu
1228 3141 1316 3189 prp-

340 3193 417 3236 finit
443 3219 455 3241 ,
488 3189 807 3235 consummatum
847 3195 884 3236 se
911 3207 981 3249 per
999 3191 1165 3237 eflionis
1193 3192 1316 3246 Magi-

336 3252 464 3295 strum
476 3249 566 3295 aliia
581 3253 703 3295 etiam
726 3251 906 3296 exhibuit
922 3264 939 3306 3
963 3267 1038 3309 pro
1063 3251 1137 3297 Dei
1150 3250 1284 3309 gloria
1299 3276 1315 3302 ‚

335 3312 376 3355 a:
390 3311 609 3356 animarum
625 3309 750 3355 salute
763 3310 856 3355 zelo
879 3310 1053 3367 flagrans
1066 3338 1081 3362 ‚
1107 3312 1149 3354 in
1162 3309 1311 3356 exhor·

336 3368 472 3414 randis
484 3369 535 3413 ad
549 3371 740 3428 pietatem
763 3371 804 3414 a:
816 3370 1084 3415 concordiam
1106 3368 1313 3415 Fratribus

333 3430 492 3482 alacer,
506 3429 544 3473 in
558 3428 827 3486 corripiendis
847 3442 942 3474 sum
971 3426 1314 3474 mansuetudine,

337 3499 481 3546 potens
496 3514 512 3538 ‚
527 3490 566 3533 in
580 3488 781 3534 obeundis
794 3502 870 3547 pro
893 3486 1149 3533 subditorum
1164 3501 1259 3533 cura
1274 3487 1315 3529 ds

334 3549 536 3592 levamine
562 3547 728 3599 abiectis
754 3547 1069 3606 quibuscumque
1083 3546 1312 3590 ministeriis

337 3608 556 3651 laboriosus
570 3609 608 3651 δι
626 3607 787 3652 humilis
798 3634 811 3649 .
828 3610 888 3654 De
904 3607 969 3651 sua
987 3607 1087 3651 vero
1098 3602 1313 3664 perfessio-

333 3680 384 3708 ne
399 3668 438 3708 ec
455 3667 580 3711 salute
597 3666 711 3722 super
736 3669 871 3712 omnia
898 3665 1094 3710 sollicitus
1106 3692 1120 3716 ‚
1144 3664 1312 3710 alliduus

336 3724 407 3766 suit
424 3727 463 3766 in
482 3740 614 3768 rerum
633 3726 869 3771 Divinarum
883 3725 1181 3778 meditatione-3
1196 3725 1312 3770 ideo·

335 3796 411 3837 que
428 3788 582 3828 ceteris
598 3813 613 3839 ‚
631 3787 716 3842 poli
731 3792 923 3831 noeturna
938 3798 1100 3844 precum
1117 3787 1158 3832 ὰ
1171 3784 1311 3831 lauda-

1092 163 1611 253 Monumenta

1391 313 1551 355 tionum
1564 307 1695 350 officia
1725 303 1750 347 ὲ
1774 306 1922 348 Choro
1947 305 2267 357 discedentibus,
2295 303 2378 359 ipse

1391 372 1429 411 in
1450 368 1626 410 Ecclelia
1642 365 1751 408 flexis
1768 365 1935 418 genibus
1951 379 2090 408 coram
2125 363 2377 410 Sane‘tiffimo

1392 436 1655 475 sacra-mento
1671 424 1722 466 ad
1735 438 1925 467 auroram
1940 422 2059 479 usque
2076 425 2118 466 in
2132 426 2378 468 oratione-³

1394 488 1469 529 Dei
1486 485 1741 538 perseverare
1752 482 1973 526 consuevit.
1986 481 2151 536 Insuper
2164 511 2180 533 ,
2197 481 2374 538 praescri-

1396 556 1464 602 pta
1481 547 1684 588 Horarum
1702 542 1995 584 Canonicarum
2023 539 2243 598 psalmodia
2261 541 2378 583 mini-

1398 606 1461 646 me
1475 613 1688 646 contentus
1699 629 1714 653 ‚
1728 602 1810 644 duo
1823 601 1899 643 alia
1915 599 2081 651 Officia,
2105 598 2291 640 nimirum
2319 599 2373 641 de

1389 662 1615 705 Beatiffima
1632 661 1800 716 Virgine
1816 661 1958 712 Maria,
1973 661 2012 701 δι
2027 659 2081 703 de
2100 655 2377 706 S-Francisco‚

1389 722 1625 765 Patriarcba
1650 717 1742 767 suo,
1769 721 1954 776 quotidie
1978 718 2175 761 recitabat
2197 744 2210 757 ·
2246 714 2386 772 Quod.

1391 790 1531 821 autem
1545 779 1643 834 saepe
1659 780 1679 820 a
1697 779 1872 821 Domino
1884 778 2087 833 flagitabat
2103 806 2119 829 ,
2147 786 2193 819 ut
2224 774 2293 817 fibi
2307 774 2376 816 da-

1390 846 1505 880 retur
1521 838 1643 878 vitam
1659 837 1710 879 ab
1724 839 1835 881 omni
1851 838 2003 893 peccati
2033 837 2124 880 labe
2149 838 2374 878 immunem

1390 894 1605 936 traducere
1619 895 1685 942 ,id
1701 906 1772 947 ,ut
1787 895 1956 939 securius
1984 897 2169 939 obtinere
2200 905 2377 936 merere·
2424 907 2427 909 ’

1389 960 1459 992 tur
1476 979 1493 1003 ,
1505 962 1651 1006 corpus
1664 950 1774 994 suum
1788 954 1931 997 ciliciis
1946 955 2113 1011 aliisque
2128 952 2369 996 voluntariis

1389 1007 1714 1063 castigationibus
1728 1009 1915 1054 afflietum
1929 1014 2121 1068 perpetua
2136 1012 2220 1056 fere
2233 1009 2369 1054 inedia

1390 1066 1632 1108 extenuabat
1644 1095 1660 1117 ‚
1674 1080 1754 1110 uon
1771 1083 1817 1110 ea
1830 1080 1987 1113 tantum
2013 1071 2156 1126 jejunia
2183 1069 2371 1115 exaetiffi-

1390 1124 1457 1167 me
1483 1124 1698 1167 oblervans
1713 1151 1727 1174 ‚
1750 1139 1841 1181 -quae
1863 1128 2088 1184 exlegibus
2115 1130 2171 1174 sui
2196 1130 2369 1174 Ordinis

1393 1184 1603 1227 maximam
1630 1183 1722 1226 anni
1751 1195 1909 1240 partem
1937 1188 2282 1242 comprehendere
2306 1188 2369 1231 di-

1389 1243 1635 1300 gnoscuntur
1646 1269 1662 1293 ,
1677 1241 1749 1285 sed
1761 1243 1808 1286 iis
1824 1243 1948 1287 etiam
1975 1243 2016 1286 id
2030 1245 2143 1288 ultro
2157 1245 2368 1300 adjiciens,

1390 1313 1436 1346 ut
1451 1300 1690 1346 solemnibus
1707 1300 1920 1346 Adventus
1934 1303 2304 1362 &Qadragefimae
2315 1304 2373 1361 je-

1388 1362 1532 1419 juniis,
1555 1363 1594 1404 &
1620 1364 1856 1405 Sanc‘torum
1870 1363 2124 1419 quorundam
2151 1363 2373 1421 pervigiliis

1389 1424 1414 1466 a
1433 1434 1688 1478 quocumque
1703 1422 1873 1465 obsonio
1903 1422 2120 1466 abstineret
2133 1442 2149 1474 ·‚
2177 1433 2262 1466 tum
2276 1422 2371 1466 reli-

1388 1483 1478 1536 quis
1491 1480 1678 1524 omnibus
1693 1495 1767 1537 per
1779 1494 1925 1524 annum
1941 1481 2140 1527 Secundis
2153 1509 2167 1532 ,
2181 1483 2367 1549 Quas,

1386 1542 1427 1584 δι
1441 1541 1574 1590 Sextis
1593 1540 1717 1584 Feriis
1730 1567 1745 1592 ,
1762 1542 1855 1585 solis
1870 1540 2141 1597 leguminibus
2157 1543 2373 1584 victitaret:

1387 1603 1434 1643 In
1454 1601 1638 1656 Deiparae
1651 1601 1749 1642 verb
1763 1628 1775 1650 a
1790 1603 1829 1644 δι
1844 1601 2077 1644 Sanctorum
2092 1598 2259 1644 Ordinis
2276 1601 2378 1644 San-

1384 1660 1437 1702 &i
1453 1657 1650 1702 Francisci
1676 1661 1895 1717 pervigiliis
1909 1688 1924 1712 ,
1954 1657 2372 1716 paue·tantummodo

1385 1720 1539 1775 &aqua
1568 1717 1830 1771 vesceretur,
1859 1731 1934 1761 nec
1953 1719 2024 1761 nifi
2053 1717 2125 1762 sub
2145 1716 2374 1775 vesperam„

1391 1777 1626 1834 plerumque
1647 1777 1742 1820 cibo
1765 1776 1841 1820 sese
1866 1774 2080 1821 reficeret.
2109 1777 2261 1820 Somno
2284 1785 2372 1819 tan-

1390 1837 1483 1879 dem
1496 1836 1554 1879 ita
1569 1837 1906 1891 parcosutebatur
1921 1861 1936 1885 ,
1950 1844 1995 1880 ut
2015 1836 2147 1880 tribus
2161 1865 2177 1888 ,
2193 1845 2261 1879 aut
2274 1840 2373 1891 quad

1388 1902 1486 1936 tuor
1512 1894 1561 1936 ad
1590 1892 1784 1936 summum
1807 1895 1917 1936 horis
1942 1893 2188 1937 dormiendo
2217 1892 2372 1937 transa-

1388 1953 1488 2002 ἂίε,
1509 1951 1710 2007 reliquam
1738 1953 1867 1995 noetis
1892 1961 2048 2007 partem
2076 1952 2285 2004 orationi,
2315 1951 2375 1996 le·

1387 2010 1510 2054 &inni
1524 2039 1539 2062 ‚
1558 2009 1846 2068 scribendisque
1866 2009 2130 2054 concionibus
2161 2010 2373 2054 tribueret.

1505 2072 1609 2127 Quae
1623 2068 1790 2126 quidem
1801 2098 1816 2122 ‚
1839 2078 1964 2127 atque
1975 2070 2057 2114 alia
2072 2070 2188 2126 plura
2205 2069 2376 2114 interioa

1387 2143 1480 2173 rum
1496 2134 1693 2172 virtutum
1711 2130 1920 2181 exercitia,
1934 2143 2056 2188 quum
2076 2129 2269 2172 FIDELI
2295 2128 2375 2172 Dei

1386 2196 1515 2235 Servo
1529 2186 1727 2233 affidua&
1743 2199 1936 2247 perpetua
1953 2187 2065 2233 fuifl'e
2077 2218 2093 2242 ,
2122 2188 2373 2246 probatum..

1384 2246 1504 2291 fuerit
1518 2259 1537 2300 ,ς
1552 2247 1687 2291 mirari
1700 2248 1791 2292 satis
1809 2263 1889 2294 non
1905 2249 2109 2305 potuimus
2125 2276 2140 2301 ,
2163 2247 2372 2306 quomodo

1382 2307 1490 2351 idem
1506 2335 1522 2358 ,
1537 2306 1717 2352 dilatatis
1741 2309 1952 2353 eharitatis
1977 2306 2052 2351 suae
2068 2306 2202 2364 spatiis
2216 2304 2234 2360 ‘,‘
2248 2306 2372 2358 ⁶adeo

1381 2366 1420 2411 se
1440 2377 1575 2408 totum
1607 2367 1879 2422 proximorum
1923 2366 2043 2409 saluti
2081 2364 2372 2420 promendo

1382 2423 1599 2471 tradiderit
1611 2450 1626 2473 ‚
1644 2434 1687 2467 ut
1702 2425 1807 2481 quali
1824 2424 1877 2467 nil
1892 2420 2005 2466 aliud
2018 2420 2136 2478 egiffe
2148 2449 2163 2472 ‚
2186 2422 2240 2466 nil
2257 2423 2370 2468 aliud

1382 2479 1573 2538 cogitsffe
1596 2492 1690 2532 toto
1720 2482 1809 2533 vite
1839 2480 1916 2526 sue
1942 2491 2130 2537 tempore
2148 2481 2373 2533 ‘videatur-x

1380 2549 1520 2607 Qum
1536 2543 1643 2583 enim
1670 2544 1694 2586 ὶ
1709 2542 1843 2597 primis
1858 2541 1980 2596 usque
1992 2538 2202 2596 Religiosoe
2217 2541 2370 2597 profes-

1381 2603 1496 2647 fionis
1519 2602 1630 2643 annis
1654 2627 1669 2651 ‚
1699 2602 1840 2643 exano
1873 2598 2109 2655 'theologie
2136 2601 2366 2655 curriculo,

1381 2656 1748 2708 sacramentalibus
1755 2655 2280 2712 Fideliuqupfeffionibus
2295 2673 2367 2704 ex-

1381 2719 1608 2825 sissia:
1623 2716 2369 2826 3512‘2532ffffl220⁵⁰5:¹32:

1379 2790 1547 2896 ngeniis
1560 2837 1600 2879 δι
1615 2805 1783 2889 labore',
1798 2850 1875 2893 qua
1894 2824 2079 2887 libertate
2092 2848 2139 2878 ac
2157 2791 2252 2879 {ello
2262 2824 2374 2901 ,quj

1380 2896 1648 2941 contentione
1663 2921 1677 2943 ‚
1690 2909 1772 2953 que
1785 2891 1917 2940 fructu
1932 2924 1946 2949 ‚
1972 2893 2134 2939 eximias
2161 2891 2368 2951 baieegss'a-

1379 2954 1600 3002 cerdotalis
1611 2953 1735 2999 officii
1753 2966 1886 3012 partes
1897 2953 2009 2997 omni
2021 2963 2207 3011 tempore
2217 2954 2364 3009 imple-

1380 3016 1482 3060 verit
1497 3043 1508 3057 .
1541 3014 1690 3058 Omnia
1713 3015 1904 3057 vitiorum
1922 3025 2094 3071 genera,
2117 3025 2364 3070 pravasom-

1374 3087 1447 3120 nes
1464 3071 1806 3124 eonsuetudines,
1832 3071 2100 3126 immaculatis
2131 3071 2366 3132 Christiane

1376 3132 1643 3181 sanssimoniae
1658 3133 1813 3189 legibus
1829 3129 2084 3176 adversantes
2098 3159 2111 3184 ,
2142 3132 2218 3190 qua
2234 3129 2368 3187 fideli-

1377 3194 1451 3238 bus
1462 3191 1807 3238 exhortationibus
1823 3220 1838 3245 ,
1867 3192 1948 3250 qua
1962 3190 2143 3246 liberiori
2162 3206 2263 3247 voce
2282 3219 2296 3244 ,
2322 3191 2364 3234 δι

1374 3250 1546 3296 mirabili
1569 3250 1741 3308 quadam
1767 3249 2007 3308 eloquentie
2048 3248 2086 3292 vi
2120 3250 2329 3296 inseetatus
2342 3275 2357 3299 2

1374 3324 1501 3356 novos
1513 3310 1667 3368 populo
1680 3323 1813 3354 mores
1828 3307 2019 3355 induxiffe
2034 3309 2135 3358 visus
2151 3309 2206 3355 est
2219 3337 2231 3353 .
2251 3311 2358 3354 Prn-

1375 3371 1536 3428 cipuam
1553 3367 1651 3414 vert>
1671 3383 1809 3414 euram
1835 3360 2290 3428 studiumque'aklhibuit
2316 3368 2356 3410 in

1374 3428 1659 3487 investigandis
1683 3430 1985 3474 Hereticorum
2011 3425 2284 3484 impietatibus
2308 3441 2354 3469 ae

1375 3486 1545 3534 fallaciis
1561 3516 1572 3537 2
1588 3488 1614 3530 fi
1628 3502 1748 3545 quem
1765 3486 1871 3532 sorte
1885 3486 2095 3532 aditumriu
2113 3484 2357 3530 Catholica-

1374 3563 1463 3593 rum
1478 3547 1633 3591 animos
1649 3576 1664 3601 ‚
1677 3549 1739 3592 vel
1754 3560 1827 3606 per
1842 3544 2098 3592 sedunorum
2129 3541 2291 3589 fraudes
2314 3544 2353 3588 δι

1374 3605 1569 3658 artificia,
1601 3605 1664 3652 vel
1688 3621 1759 3663 per
1785 3598 1948 3649 Diaboli
1969 3600 2286 3661 suggestionem,
2315 3604 2355 3648 ὰ

1372 3666 1607 3717 ultroneam
1630 3663 1942 3723 proefflmptinnis
1970 3663 2271 3716 temeritatem,
2299 3662 2348 3706 iis

1373 3724 1557 3784 patefieri
1580 3721 1686 3782 poffe
1698 3723 1933 3776 dubitarem
1962 3721 2188 3781 eisdemque
2212 3721 2351 3779 profli-

1370 3786 1625 3843 gaudinum:
1638 3782 1703 3827 sua
1721 3781 1879 3827 tantum
1894 3795 2044 3840 opera,
2061 3779 2123 3826 sed
2145 3778 2350 3883 Mf‘ssf‘*

2208 3852 2228 3880 u
