2496 4172
994 142 1439 264 'Apostolica'
1453 213 1470 231 .

2034 191 2187 280 3¹5

258 296 408 343 dicium
438 295 611 340 nostrum
634 295 686 339 de
716 291 980 338 Patriarchali
1009 290 1224 334 confirma-
1283 290 1456 336 sentibus
1492 291 1544 335 ad
1574 293 1828 336 Decennium
1869 299 2025 342 tantum
2050 307 2259 347 ungaris,

259 359 370 400 tione
386 356 644 404 retardetur,
670 355 834 398 eandem
862 353 953 394 Tibi
980 365 1143 408 operam
1166 351 1222 392 in·
1284 353 1482 394 Volumus
1495 360 1647 404 autem,
1660 352 1748 404 ut,s1
1767 367 1844 408 pro
1859 353 2156 411 impetratione,
2171 375 2264 416 ρη-

258 415 461 475 jungimus
475 442 492 467 ,
506 414 755 471 eandemque
769 410 1003 454 facultatem
1018 410 1232 467 largimur,

259 474 355 518 Tibi
370 475 620 524 mandantes,
636 483 696 525 ut,
711 470 735 512 fi
748 469 968 513 antedictus
985 467 1151 511 dilectus
1170 468 1232 510 Fi·

258 534 367 584 lius,
397 534 649 583 Dorotheus,
662 529 884 586 supremum
915 526 1021 569 diem
1053 527 1228 577 obierit,

260 601 332 636 aut
357 593 380 635 ὲ
395 589 645 634 Miffionibus
672 588 792 642 Syriae
810 588 847 628 &
862 583 1069 629 Palaestinae
1093 583 1231 627 absens

255 649 413 702 fuerit,
434 650 583 701 omnia,
597 661 680 703 quae
701 644 756 688 illi
775 643 1131 692 demandavimus,
1161 655 1233 686 ex-

261 709 374 766 pleas
386 733 401 757 ,
413 708 453 751 δε
463 721 554 750 cum
565 706 702 752 iisdem
730 702 1030 747 conditionibus
1046 705 1084 745 &
1099 700 1234 746 facul-

259 767 410 811 tatibus
429 792 443 815 2
508 779 573 808 uas
601 778 648 807 ex
673 763 908 805 authentico
939 761 1124 818 exemplo
1155 776 1229 804 no·

258 826 427 869 stratum
457 839 479 866 a
539 822 793 866 Dorotheum
825 822 1087 873 litterarum,
1118 819 1231 879 quod

263 881 373 939 hisce
401 881 653 938 adjungimus
666 909 683 933 ,
707 879 983 937 deprehendes
999 909 1014 932 ,
1035 880 1203 936 perinde
1218 905 1233 927 a

261 956 308 985 ae
338 940 362 983 si
388 940 459 983 tibi
483 939 720 984 litteraeillae
742 939 939 996 inscriptae
964 937 1111 981 effent.
1137 937 1237 981 offi-

261 1000 372 1045 cium·
392 1008 548 1052 autem,
577 998 687 1057 quod
716 998 939 1053 prudentiae
966 1011 1010 1039 ac
1032 997 1238 1043 sedulitati

263 1068 336 1102 tuae
349 1057 521 1102 libenter
541 1056 833 1101 committimus
847 1086 863 1109 ,
887 1065 1128 1112 argumento
1143 1056 1239 1098 'ribi

264 1117 339 1178 crit
357 1145 374 1168 ,
400 1117 516 1172 quam
540 1115 769 1172 praeclaram
783 1127 965 1171 geramus
992 1113 1045 1158 de
1067 1124 1136 1157 tua
1154 1116 1239 1157 vir-

264 1183 353 1218 tute
369 1176 605 1230 opinionem
619 1204 629 1215 .
644 1173 701 1214 Ac
722 1174 808 1217 ribi
820 1201 834 1225 ,
851 1173 1000 1215 dilecte
1016 1171 1111 1223 Fili,
1123 1173 1240 1227 Apo-

263 1234 442 1276 stolicam
457 1233 784 1278 Ben'edifflonem
811 1241 1069 1288 peramanter
1092 1230 1242 1286 impar-q

266 1293 417 1334 timur.

381 1352 530 1391 Datum
557 1351 696 1392 Romae
727 1348 831 1405 apud
857 1351 1041 1393 Sanaum
1071 1352 1240 1393 Petrum

265 1405 522 1451 sub-Annulo
538 1406 750 1451 Piscatoris
765 1407 831 1451 die
853 1419 961 1450 xxil.
989 1407 1240 1465 Septembris

209 1488 212 1491 >
267 1479 519 1510 unccxxix.
531 1463 790 1510 Pontificatsss
805 1466 943 1509 Nostri
958 1468 1082 1510 Anno
1097 1467 1239 1509 Sexto.

334 1586 482 1639 Autog.
495 1585 538 1624 ln
553 1585 693 1624 διανεί.
707 1587 823 1625 Brev.
837 1581 885 1625 ad
899 1584 1108 1640 Principes
1120 1582 1242 1640 meets:

315 1699 317 1701 v
382 1639 437 1691 <9-
450 1642 547 1682 anni
554 1638 762 1696 preatfil.
772 1652 785 1682 ι
794 1654 814 1697 3
821 1654 868 1697 9.

265 1779 459 1814 ‘—

269 1871 476 1927 Ecclefiae
515 1878 724 1925 Fratrum
752 1876 1143 1929 Miffionariorum
1161 1876 1240 1926 Ci-

337 1945 496 1994 vitatis
531 1943 745 1995 Damasci
776 1950 822 1995 in
850 1948 995 1998 tribus
1030 1944 1240 2015 expreffis

339 2013 460 2097 festis
486 2013 825 2086 indulgentiam
870 2019 1118 2087 plenariam
1152 2019 1240 2067 lar-

339 2099 494 2156 gitur.

270 2227 722 2278 CLEMENS
791 2231 1005 2279 PAPA
1076 2226 1237 2279 XII.

267 2341 459 2392 vulverst's
493 2340 813 2398 christifidelibus
838 2346 1049 2401 presentes
1085 2346 1240 2389 litteras

384 2401 614 2461 inspffluris
630 2401 809 2458 filatem
832 2432 847 2455 ,
878 2404 926 2453 ὸ·
960 2406 1125 2461 Apono*

524 2460 641 2502 lium
654 2461 959 2505 Memnonem
972 2491 986 2504 .

415 2577 454 2618 D
478 2572 704 2630 augendum
728 2575 930 2621 fidelium
957 2577 1216 2634 ReligIonem
1231 2605 1247 2630 ‚

429 2635 468 2676 ἃ
482 2633 705 2686 animarum
724 2633 891 2679 salutem
905 2636 1135 2681 coelestibus
1167 2638 1246 2679 Ec·

274 2694 400 2735 cleliae
431 2692 621 2735 thesauris
645 2693 708 2748 pia
738 2695 940 2739 charitate
962 2695 1136 2745 intenti,
1159 2709 1249 2739 om-

276 2751 393 2794 nibus
419 2749 619 2808 utriusque
650 2749 761 2795 statis
786 2753 1122 2801 Christifidetibus
1151 2755 1249 2797 vere

276 2809 567 2866 poenitentibus
582 2836 597 2859 ‚
623 2810 662 2852 δε
686 2810 892 2864 confessis,
913 2827 960 2855 ac
985 2818 1106 2858 Sacra
1118 2817 1249 2857 Com-

277 2867 468 2910 munione
482 2863 661 2915 refectis,
685 2869 755 2926 qui
772 2871 990 2915 Ecclesiam
1010 2872 1079 2915 sub
1104 2873 1247 2916 'ritulo

280 2927 353 2968 SS.
377 2925 528 2992 Pauli2
544 2926 585 2968 &
611 2927 780 2984 Georgii
805 2932 994 2987 Martyris
1024 2934 1250 2976 Fratrum.)

280 2982 449 3026 Ordinis
469 2986 674 3026 minorum
701 2988 832 3031 Saum
861 2990 1052 3034 Francisci
1075 2992 1251 3048 Capuci-

281 3056 430 3110 norum
451 3040 788 3088 Miffionariorum
804 3051 1252 3151 nuncupatorurpcivi-

281 3110 379 3144 tatis
396 3098 625 3144 Damascen.
644 3101 681 3146 in
697 3104 812 3160 syria
825 3133 840 3157 ‚
856 3107 910 3150 'in
934 3112 1101 3154 Conver
1117 3111 1219 3153 ionis
1236 3138 1251 3161 ‚

274 3161 324 3223 Ιδι
337 3161 742 3226 commemorationis
762 3161 942 3231 ejusdem
965 3168 1095 3223 saneti
1113 3169 1253 3220 Pauli,

282 3216 1257 3343 255252532'522{ssssffizzsstffiffi‘zzfiz

286 3334 371 3377 sum
393 3334 498 3378 Solis
525 3334 683 3378 dierum
709 3337 934 3392 hujusmodi
963 3342 1120 3399 lingulis
1146 3345 1258 3387 annis

287 3391 436 3436 devote
461 3393 740 3445 vitiaret-int,
760 3398 800 3438 δι
825 3398 879 3440 ibi
905 3413 980 3456 pro
1007 3401 1259 3446 Christiano-

289 3464 375 3519 rum
399 3451 631 3507 Principum
658 3456 876 3499 concordia
892 3486 907 3510 ,
933 3447 1119 3502 harei’uin
1133 3456 1270 3505 extir-.

284 3516 472 3576 patrone,
493 3523 538 3552 ac
552 3510 702 3565 §anetae
734 3515 880 3557 Matris
898 3518 1084 3561 Ecclefiae
1108 3519 1258 3562 exalta·

286 3575 401 3633 tione
415 3578 499 3633 pias
515 3567 566 3611 ad
586 3571 714 3614 Deum
738 3586 874 3628 preces
905 3575 1117 3621 effiiderint
1131 3606 1145 3628 ‚
1166 3576 1258 3634 vquo

283 3623 351 3691 dre
370 3624 643 3680 praedinomm
665 3629 707 3672 id
723 3633 882 3688 egerint
895 3662 910 3683 ‚
926 3635 1145 3688 plenariam
1171 3650 1256 3679 om.

281 3696 392 3726 nium
409 3693 661 3738 pcccatorum
675 3687 835 3733 suorum
854 3693 1153 3749 Indulgentiam
1168 3723 1185 3746 ,
1214 3696 1255 3736 &

282 3742 608 3849 ”missoneffin
625 3747 802 3792 Domino
824 3752 1089 3797 concedimus
1107 3783 1118 3796 .
1151 3755 1254 3797 Ρη-

423 3814 495 3846 om.
579 3833 593 3846 .

1292 410 1521 453 scotatione
1539 437 1554 460 ‚
1578 410 1833 459 admiffione‚
1868 409 1933 453 scu
1949 414 2266 465 publicatione.»

1291 468 1541 526 praesentium
1572 469 1750 526 aliquid,
1783 469 1845 512 vel
1873 469 2084 510 minimum
2112 474 2264 523 detur,

1294 539 1362 572 aut
1393 531 1533 584 lponte
1559 528 1740 572 oblatum
1771 528 1990 584 recipiatur
2011 555 2026 579 ,
2057 528 2267 583 praesentes

1293 586 1411 630 nulla:
1426 587 1526 630 fint-

1410 650 1562 689 Datum
1595 648 1735 689 Romae
1760 644 1862 702 apud
1885 647 2069 689 Sanctam
2097 644 2270 688 Mariam

1293 706 1493 763 Maiorem
1518 704 1587 749 sub
1621 705 1789 748 Annulo
1822 704 2035 748 Piscatoris
2071 703 2137 747 die
2174 716 2269 745 ιιι.

1294 766 1527 810 Decembris
1544 777 1813 808 moccxxxrv.
1835 760 2104 808 pontificatus
2132 760 2272 806 Nostri

1292 828 1414 869 Anno
1428 825 1590 883 Quinto
1608 852 1622 866 .

1358 946 1525 998 Autogr.
1556 943 1600 983 in
1625 944 1766 984 Secu-et.
1791 942 1977 984 Br'evlum
2009 941 2109 997 Reg.
2141 935 2273 985 menh's

1416 1000 1707 1056 &annipraed.

1300 1143 1410 1156 —
1675 1138 1921 1154 —D—
1926 1139 2274 1154 ———

1304 1243 1558 1290 Decretum
1586 1237 1732 1284 Sacrae
1764 1237 2149 1302 congregationis
2185 1233 2275 1283 de,

1372 1303 1669 1374 Propaganda
1709 1302 1820 1353 Fide
1845 1306 1965 1352 circa
2005 1302 2275 1352 tumulanda

1373 1373 1768 1426 Miffionariorum
1810 1374 2115 1443 Regularium
2150 1371 2278 1426 cada·r

1374 1462 1483 1507 vera
1502 1444 1678 1495 editum
1692 1441 1937 1494 confirmat
1955 1479 1967 1493 .

1302 1575 1752 1628 CLEMENS
1818 1574 2060 1622 PAPA
2125 1572 2275 1620 XII.

1489 1699 1750 1759 Adsmuram
1767 1699 1828 1742 rei
1840 1698 2065 1743 memoriam
2077 1726 2090 1740 .

1465 1881 1649 1922 Fratrum
1675 1879 1900 1922 nostrornm
1926 1878 1964 1916 S.
1983 1877 2036 1919 R.
2052 1876 2101 1917 F..
2127 1874 2281 1917 Cardi-

1298 1938 1441 1980 nalium
1453 1937 1623 1995 negotiis
1639 1935 1908 1992 Propagandae
1921 1934 2030 1977 Fidei
2047 1935 2286 1988 praeposntod

1299 2011 1386 2041 rum
1403 1996 1515 2053 super
1531 1996 1791 2039 tumulatione
1803 1995 2058 2037 Cadaverum
2076 1990 2281 2034 Missiona·

1299 2057 1452 2100 riorum
1480 2054 1683 2098 Ordinum
1715 2054 1983 2109 Regularium
2010 2052 2051 2093 in
2099 2050 2282 2105 partibus

1299 2114 1424 2170 Syriae
1437 2116 1478 2155 δι
1491 2114 1698 2155 Palaestinae
1710 2112 1908 2154 emanavit
1928 2109 2142 2152 decretum
2161 2119 2282 2150 teno-

1298 2175 1351 2216 ris
1374 2171 1691 2227 ,quisequitur‚
1717 2170 1936 2213 videlicet:
1964 2171 2188 2210 Decretum
2215 2167 2287 2208 Sa-

1299 2245 1374 2274 crae
1390 2229 1734 2284 congregationis
1751 2229 1960 2271 Generalis
1984 2226 2037 2268 de
2054 2230 2284 2280 Propagan-

1301 2290 1352 2332 da
1379 2289 1476 2331 Fide
1493 2289 1635 2331 habitae
1651 2287 1719 2331 die
1736 2301 1780 2329 vr
1796 2300 1829 2328 ι.
1844 2287 2290 2342 Februanmoccxxxvs

1305 2345 1520 2392 Referente
1538 2346 1853 2390 Eminentifl‘imo
1864 2372 1880 2395 ‚
1893 2348 1933 2388 ἃ.
1946 2342 2288 2387 Reverendiffimo

1303 2407 1498 2459 Domino,
1511 2407 1689 2450 Domino
1703 2404 1912 2450 Cardinali
1929 2408 2063 2456 Petra,
2078 2398 2286 2446 Praefeetoz

1307 2473 1429 2513 Sacra
1445 2467 1720 2521 Congregatio
1735 2492 1751 2515 ‚
1775 2463 1826 2506 ad
1849 2464 2034 2507 tollenda
2057 2463 2187 2518 jurgia
2203 2489 2215 2509 ‚
2246 2461 2288 2501 &

1307 2524 1563 2571 diffenfiones
1577 2551 1594 2575 ,
1625 2538 1712 2579 quae
1726 2536 1805 2564 non
1823 2526 1919 2566 raro
1942 2523 2044 2564 oriri
2059 2520 2192 2562 solent
2209 2520 2285 2562 in.»

1308 2583 1488 2640 partibus
1504 2584 1642 2635 Syria,
1655 2583 1693 2623 &
1710 2580 1918 2622 palaestinae
1931 2577 2142 2622 occasione
2156 2588 2289 2620 tumu-

1308 2641 1464 2686 lationis
1477 2641 1718 2683 cadaverum
1730 2637 2068 2680 Miffionariorum
2080 2635 2286 2678 Ordinum

1310 2700 1575 2756 Regularium
1608 2696 1863 2742 confirmavit
1875 2725 1889 2746 ,
1919 2698 1960 2739 δι
1989 2695 2198 2738 renovavit
2211 2693 2287 2735 de·-

1310 2772 1424 2803 creta
1439 2757 1550 2814 super
1572 2756 1793 2814 hujusmodi
1811 2769 1854 2798 re
1866 2754 1965 2799 alias
1979 2754 2088 2798 edita
2099 2783 2120 2805 ‚
2134 2754 2174 2794 δι
2189 2764 2290 2807 proe-

1311 2820 1445 2863 sertim
1460 2832 1563 2859 anno
1579 2829 1754 2861 mncxcr
1769 2828 1783 2856 1
1803 2842 1819 2868 ,
1843 2815 2018 2868 itemque
2049 2809 2290 2854 confirmata

1309 2892 1415 2921 anno
1431 2891 1603 2920 mocon
1621 2903 1635 2924 s
1650 2890 1720 2931 per
1731 2886 1815 2929 quae
1830 2872 2028 2915 sancitum
2045 2871 2120 2915 fuit
2138 2899 2151 2920 ,
2175 2869 2287 2926 quod

1308 2937 1517 2980 deferatur
1531 2936 1589 2989 pri
1597 2935 1688 2978 vate
1701 2932 1872 2976 cadaver
1885 2931 1908 2972 εὶ
1918 2931 2089 2987 propriis
2105 2930 2291 2985 Religio-

1310 2993 1712 3038 fis21ncoemeterio
1727 3001 1857 3034 autem
1876 2990 2030 3034 tantum
2063 2986 2188 3033 adesse
2216 2988 2291 3029 de-

1310 3056 1404 3099 beat
1424 3055 1624 3096 parochus
1637 3066 1730 3096 cum
1745 3049 1874 3101 stola,
1890 3051 2078 3093 &Cruce
2092 3079 2105 3101 ,
2126 3049 2166 3090 δι
2179 3047 2290 3089 dicat

1313 3113 1524 3158 Orationes
1550 3112 1655 3166 juxta
1677 3110 1844 3152 formam
1858 3107 2128 3164 praescriptam
2145 3110 2185 3148 in
2210 3104 2288 3147 Ri-

1316 3172 1416 3216 tusii
1431 3198 1446 3218 ‚
1470 3168 1744 3227 permittendo
1759 3168 1888 3225 postea
1901 3195 1917 3218 ,
1933 3177 1974 3210 ut
2002 3166 2160 3221 reliquae
2184 3167 2287 3206 Ora-

1317 3232 1450 3274 tiones
1476 3230 1663 3274 dicamur
1690 3231 1714 3273 'a
1735 3228 1950 3281 Superiore
1974 3223 2219 3278 Religionis,
2249 3219 2291 3260 δι’.

1317 3303 1388 3347 per
1402 3286 1528 3346 ipsum
1542 3319 1558 3340 ,
1571 3304 1614 3331 ac
1630 3286 1719 3330 fisos
1746 3283 1973 3340 Religiosos
1995 3284 2082 3327 dari
2108 3280 2290 3336 sepultu-

1317 3362 1401 3391 ram
1430 3377 1441 3390 .
1472 3348 1643 3392 Praesens
1667 3355 1800 3387 autem
1835 3347 2050 3386 Decretum
2076 3346 2292 3382 renovato-

1318 3407 1423 3451 rium
1439 3405 1690 3462 prefatorum
1708 3405 1979 3445 Decretorum
1995 3429 2010 3452 ,
2022 3399 2161 3441 eadem
2174 3399 2291 3439 Sacra

1315 3465 1590 3520 Congregatio
1603 3465 1774 3520 praecipit
1792 3458 1995 3503 notificari
2012 3454 2290 3511 Superioribus

1317 3522 1589 3567 Generalibus
1607 3534 1746 3563 eorum
1768 3519 1967 3561 Ordinum
1982 3547 1996 3568 ,
2018 3516 2135 3559 etiam
2151 3514 2291 3558 Socie-

1315 3581 1504 3635 tatisJesu
1522 3593 1718 3636 ‚quorum
1738 3575 1924 3632 Religion
1955 3573 2287 3618 Miffionariorum

1317 3640 1459 3682 munus
1479 3641 1521 3681 in
1549 3638 1758 3681 antedictis
1775 3637 1952 3690 partibus
1965 3634 2117 3676 obeunt
2127 3663 2145 3683 .,
2166 3642 2212 3675 ut
2236 3631 2287 3677 ab

1313 3698 1498 3740 omnibus
1515 3725 1529 3746 ‚
1555 3699 1594 3739 &
1620 3694 1933 3749 quibuscumque
1968 3692 2042 3736 suis
2072 3690 2289 3747 respective

1312 3755 1480 3800 subditis
1497 3754 1598 3799 illud
1614 3754 1806 3802 omnine,
1832 3754 1873 3794 δι
1901 3751 2185 3852 inviolabilitesr
2214 3749 2287 3791 ob·

1791 3813 1828 3855 R
1844 3825 1864 3854 r
1896 3825 1917 3853 a
2168 3823 2229 3853 er·

1305 1819 1430 1935 N
1444 1822 1554 1876 Uper
1575 1819 1598 1863 ὲ
1612 1819 1943 1875 Congregatione
1970 1814 2280 1860 venerabilium
