2496 4172
998 111 1446 230 Apof-lolica
1463 177 1484 202 .

2013 142 2170 247 383

217 275 412 321 aquarum
427 261 466 304 in
481 259 627 305 dictam
642 259 863 308 Valchatm
893 257 1090 302 reservati
1113 269 1204 301 tan—
1264 262 1430 318 quidem
1454 261 1657 316 signanter
1682 264 1721 302 in
1754 267 1855 310 facie
1869 273 2238 328 Capellae'Pietatis

216 322 429 367 tummodo
443 321 558 366 dietis
578 324 671 365 DD.
692 318 969 366 Poffefforibus
983 316 1201 361 fundorum

216 382 464 438 asperiorum
480 379 679 427 facultate
695 381 737 424 in
753 378 946 422 menfibus
975 377 1073 435 Maji
1090 405 1105 429 ,
1129 379 1200 434 Ju-

215 441 269 484 nii
281 440 397 496 ‚Julii
413 466 426 488 ,
443 441 612 496 Augusti
627 470 644 494 ,
674 441 716 481 Be
733 437 979 495 Septembris
997 437 1200 491 aecipien-

215 499 261 542 di
287 501 411 543 dictas
437 498 641 562 aquas'sub
670 501 769 541 hora
790 511 860 543 ao.
896 493 1021 551 usque
1041 495 1091 538 ad
1125 496 1199 537 ho-

216 572 306 602 ram
320 571 390 600 21.
405 557 652 614 singulorum
676 557 835 599 dierum
851 583 867 607 ‚
878 554 928 596 ad
942 553 1125 598 effectum
1143 554 1198 596 ir·-

216 615 378 674 rigandi
395 618 536 660 hortos
563 617 607 658 in
619 616 735 659 dictis
762 613 896 680 fundis
925 611 1195 680 superioribus

213 669 1195 787 {²3:5¹‘13‘35ssz'5ssff551b22⁰f3¹3525“;3.⁶}„{{‡523

216 799 311 838 r'ur'n
339 793 379 835 in
392 792 511 836 dictis
531 790 748 847 defignatis
773 791 884 835 horis
908 787 1196 833 tantummodo

212 847 364 896 licuiffe
381 853 421 894 Bt
442 851 564 895 licere
576 862 782 906 apponere
806 847 996 907 repagula
1020 849 1062 891 in
1080 848 1197 891 dictis

211 914 350 966 aquis,
364 908 556 964 dictisque
572 909 683 952 horis
701 907 841 965 elapfis
855 935 870 958 ,
897 907 1025 950 statim
1048 907 1196 960 teneri,

213 971 253 1012 δι
267 966 464 1027 obligatos
478 966 555 1011 effe
587 968 815 1012 eademmet
835 966 1030 1022 repagula
1058 980 1194 1010 remo·

215 1041 313 1071 vere
327 1055 341 1081 ,
369 1036 492 1086 prout
519 1040 591 1084 per
613 1026 821 1084 praefientes
840 1026 911 1070 sub
928 1025 1060 1081 poenis
1091 1022 1196 1069 refe-

213 1086 356 1131 ctionis
386 1085 626 1130 damnorum
657 1086 866 1144 obligatos
905 1082 982 1128 effe
1011 1083 1197 1128 declara-

213 1158 301 1189 mus
310 1174 326 1196 ,
339 1145 376 1187 St
390 1144 646 1197 mandamus,
657 1150 982 1203 >perpetuumque
996 1143 1195 1187 filcntium

211 1202 327 1260 super
345 1202 544 1258 praemillis
561 1203 746 1248 omnibus
761 1204 879 1248 dietis
893 1205 985 1246 Do.
1003 1200 1196 1245 Poffeffo-

211 1262 571 1318 ribusimponimus
588 1290 604 1314 ‚
621 1262 818 1321 victosque
837 1261 978 1306 victori
994 1262 1034 1304 in
1048 1274 1196 1317 expen-

211 1321 259 1364 fis
276 1320 619 1370 condemnamus,
638 1335 817 1378 quarum
837 1321 1089 1364 taxationem
1111 1322 1196 1363 No-

213 1380 272 1422 bis
286 1407 303 1430 ,
324 1378 387 1421 vel
403 1378 466 1420 cui
479 1378 532 1420 de
546 1377 905 1437 jure‚lnposserum
921 1377 1194 1427 reservamus,

209 1437 321 1480 &ita
345 1435 513 1479 dicimus
525 1464 541 1487 ,
557 1440 865 1492 pronunciamus
877 1465 893 1491 ,
917 1437 1193 1486 decernimus,

213 1495 464 1538 declaramus
475 1522 490 1546 ,
505 1497 544 1538 δι
557 1494 766 1540 definitive
789 1497 1094 1549 sententiatum,
1109 1508 1192 1538 non

215 1553 344 1654 [οἰιὲιιπι
376 1551 594 1608 praemiffo,
623 1553 691 1598 sed
719 1557 884 1599 &omni
915 1555 1002 1599 alio
1031 1552 1192 1598 meliori

212 1626 283 1656 mo
313 1625 340 1654 o
353 1614 432 1655 &c-

322 1731 389 1774 Ita
397 1729 689 1785 pronunciavi.
727 1731 769 1774 V.
783 1730 1017 1775 Paroreian
1034 1731 1192 1783 Locumf

438 1796 567 1831 tenens
589 1791 642 1832 A·
658 1789 704 1831 C.

324 1906 455 1952 Lata,
481 1904 524 1946 δι
550 1903 754 1957 publicata
774 1904 843 1949 die
870 1911 938 1948 26.
948 1905 1192 1950 Novembris

220 1978 236 2006 1
245 1973 342 2016 751.
352 1976 427 2021 per
438 1963 523 2004 atla
535 1962 738 2021 Jacobatii
754 1965 917 2008 Notarii
933 1968 985 2008 A.
999 1968 1050 2008 C.

268 2079 528 2136 Autograpba
553 2082 766 2142 tetrafita
790 2082 1005 2128 Smtents'e
1019 2096 1106 2127 cum
1127 2082 1190 2125 in-

309 2139 532 2197 strumento
549 2139 781 2186 Donationis
801 2141 845 2186 in
861 2142 984 2187 Arcb.
1014 2142 1188 2190 Provin-

325 2200 397 2244 ciae
427 2201 647 2243 Romam.

448 2547 705 2601 'Provinciae
724 2534 963 2603 Marcbiae'.

416 2690 456 2739 E
491 2690 528 2740 P
562 2690 588 2739 1
625 2691 658 2740 S
694 2692 741 2744 T
779 2692 828 2744 O
866 2696 904 2746 L
940 2695 989 2743 A

290 2828 425 2880 Sacrae
463 2827 798 2899 congregationis
835 2832 1104 2887 Laureeaenae.

248 2967 315 3015 Ad
331 2967 400 3012 Ill.
415 2967 466 3011 D.
483 2969 816 3022 Gubernatorem
838 2976 1003 3023 Laui-eti
1023 2975 1144 3021 :latai

211 3090 269 3138 In
287 3071 516 3155 sepultura
541 3092 774 3146 Fratribus
800 3096 845 3148 in
865 3094 1052 3148 Bafilica
1071 3099 1188 3148 Lau·

281 3172 435 3209 retana
469 3162 669 3214 concessa
700 3168 813 3217 alios
839 3202 858 3227 ,
885 3182 1048 3239 prater
1077 3171 1185 3219 Fra·

240 3283 242 3285 ,
281 3242 372 3279 tres
387 3265 403 3289 ,
424 3227 600 3302 sepeliri
615 3236 909 3306 prohibetur.

216 3366 468 3428 Perillastrls,
482 3371 532 3421 δ’
543 3374 758 3484 Αΐιροὲαηι
775 3377 992 3424 Reverende
1003 3379 1187 3435 Mine,

575 3445 602 3478 u
622 3448 639 3477 ι
690 3445 802 3482 ram·
814 3467 828 3482 0

324 3563 406 3614 Um
418 3561 704 3623 litteris-hujus
725 3569 856 3611 Sacrae
885 3569 1184 3623 congregatio-

339 3621 567 3669 nisfsnb-n.
590 3626 774 3670 octobris
801 3627 894 3669 anui
928 3625 1042 3682 elapfi
1063 3639 1182 3681 ¹743·

1264 331 1402 364 tantus
1420 319 1511 362 fitus
1535 320 1838 364 concederetur
1852 354 1866 376 ‚
1892 344 2063 382 quantus
2076 337 2128 375 ad
2142 351 2239 377 con-

1261 378 1490 423 struendam
1514 379 1571 421 ibi
1584 391 1749 434 parvam
1779 380 2062 441 sepulturam,
2076 392 2114 432 in
2128 406 2240 445 qua„

1259 438 1348 494 post
1365 448 1538 481 mortem
1554 437 1771 492 separatim
1795 440 1848 479 ab
1871 441 2074 488 Altaribus
2101 458 2242 490 turnu-

1258 496 1333 542 lari
1347 494 1501 552 poss'ent
1514 526 1528 547 ,
1548 495 1750 539 sufficeret
1765 526 1776 536 .
1804 500 1989 552 Cumque
2004 502 2127 544 libera
2159 508 2241 547 haec

1258 554 1459 599 concessio
1475 555 1707 599 executioni
1725 553 1807 610 jam
1822 556 1914 597 data
1928 558 2115 599 credatur
2128 587 2143 608 ,
2170 566 2242 602 S'a-

1255 628 1325 659 cra
1342 615 1622 670 congregatio
1639 613 1794 666 statuit,
1808 615 1850 657 &
1866 614 2048 669 expresse
2063 615 2241 666 ordinat,

1255 682 1302 716 ut
1315 676 1357 715 in
1371 672 1475 725 dieta
1490 673 1694 729 sepultura
1709 698 1724 721 ,
1754 681 1902 727 praeter
1915 672 2146 729 Religiosos
2164 676 2246 716 Ca-

1256 732 1424 789 pucinos
1442 760 1457 784 ,
1484 733 1599 776 nulla
1623 732 1698 775 alia
1723 732 1889 786 persona
1918 731 2244 789 cujuscumque,

1256 791 1504 836 conditionis
1517 821 1532 844 ‚
1561 799 1629 834 aut
1656 788 1728 835 sub
1760 803 2018 847 quocumque
2045 799 2243 847 praetextu

1256 850 1369 907 potiit
1388 851 1570 908 sepeliri.
1583 849 1815 894 conabitur
1828 851 1944 906 proin
1961 850 2013 893 ad
2026 850 2244 895 obstrvan-

1257 911 1351 952 tiam
1368 911 1506 953 reduci
1530 909 1774 966 rigorosam,
1800 909 1910 965 quod
1938 923 2031 952 cum
2046 907 2244 966 praesenti-

1257 970 1331 1013 bus
1356 969 1600 1020 ordinatur,
1622 981 1668 1012 ac
1693 970 1735 1010 in
1752 969 1906 1023 regesto
1932 970 2066 1011 notari
2085 967 2169 1024 ejus
2184 978 2242 1010 te-

1255 1042 1396 1071 norem
1410 1057 1426 1078 ,
1446 1039 1644 1084 quatenus
1661 1024 1962 1072 Suecefforibus
1987 1027 2065 1072 suis
2082 1028 2238 1071 innote-

1255 1088 1336 1130 scat
1351 1088 1429 1130 &c-
1444 1088 1586 1130 Romae
1602 1100 1670 1131 22.
1685 1085 1896 1130 Februarii
1918 1098 2042 1142 1744.

1315 1202 1618 1260 Autograpb.in
1634 1203 1756 1247 Arch.
1772 1204 1995 1249 Provinciae
2019 1203 2238 1248 Marcium*

1459 1554 1700 1606 Provincia
1725 1552 1995 1617 Bononienfi's
2008 1592 2023 1607 .

1253 1692 1338 1744 88.
1360 1694 1591 1761 Reliquias
1618 1696 1665 1744 in
1684 1695 1884 1747 Ecclesia
1914 1693 2097 1747 Domiis
2125 1699 2232 1747 Fra-⁶

1324 1780 1452 1815 trum
1471 1765 1665 1816 Caesenae
1683 1766 1710 1813 ὲ
1731 1770 1806 1816 Fr.
1820 1769 1966 1836 Joan.
1988 1766 2231 1820 Francisco

1320 1836 1348 1885 ὲ
1382 1838 1611 1888 Placentia
1643 1836 1915 1888 Guardiano
1949 1841 2195 1892 collocatas
2212 1860 2233 1900 ,-

1322 1905 1428 1956 inde
1440 1909 1614 1959 extrahi
1636 1921 1763 1958 vetat
1782 1941 1798 1958 .

1250 2047 1669 2104 URBANUS
1739 2051 1954 2104 PAPA
2020 2054 2230 2105 VIII.

1437 2187 1701 2249 Adfhturam
1710 2187 1773 2234 rei
1785 2194 2012 2236 rumorum
2022 2219 2039 2235 .

1364 2333 1675 2384 Onservationi,
1699 2335 1740 2375 δι
1767 2334 2061 2379 manutentioni
2088 2339 2230 2381 Sacra-

1384 2407 1475 2436 rum
1494 2395 1758 2443 sanderum,
1783 2395 1824 2435 ec
1839 2398 2074 2437 Sanctarum
2109 2396 2229 2438 Reli-

1248 2466 1431 2509 quiarum
1449 2481 1463 2503 ‚
1484 2466 1583 2508 quas
1598 2453 1766 2497 dilectus
1783 2453 1908 2496 Pilius
1932 2454 2068 2498 noster
2084 2457 2229 2498 frater

1242 2514 1356 2569 Joan·
1398 2510 1633 2554 Franciscus
1664 2516 1685 2556 a
1713 2513 1950 2562 Placentia,
1971 2514 2230 2557 Guardianus

1249 2567 1402 2612 Domus
1428 2570 1507 2610 PF.
1537 2570 1706 2611 Ordinis
1731 2571 1940 2613 Minor-um
1971 2575 2012 2613 S.
2028 2574 2229 2614 Francisci

1244 2627 1546 2683 Capucinorum
1561 2636 1889 2681 nuncupatorum
1904 2628 2075 2672 Caesenae
2091 2633 2131 2672 in
2149 2634 2229 2673 Ec-

1246 2686 1367 2730 elelia
1382 2684 1555 2741 ejusdem
1586 2684 1738 2730 Dormis
1761 2684 1799 2727 se
1822 2686 2041 2731 collociffe
2063 2690 2194 2732 aflerit
2209 2717 2226 2741 ,

1246 2744 1443 2803 quantum
1457 2759 1549 2790 cum
1565 2745 1743 2789 Domino
1759 2742 1958 2801 poffumus
1970 2776 1986 2798 ‚
2015 2748 2227 2792 consulere

1247 2805 1459 2856 volentes,
1476 2803 1833 2859 supplicationibus
1862 2804 2038 2862 ejusdem
2061 2808 2225 2850 loannis

1245 2863 1469 2912 Francisci,
1486 2863 1616 2907 Nobis
1632 2862 1749 2920 super
1764 2864 1843 2905 hoc
1859 2864 2064 2909 humiliter
2082 2879 2226 2921 porre-

1246 2925 1322 2968 ssis
1351 2952 1367 2976 ‚
1393 2921 1576 2968 inclinati
1598 2952 1614 2974 ,
1652 2938 1700 2966 ne
1724 2921 1776 2964 de
1801 2934 1951 2967 caetero
1982 2924 2225 2981 quisquam-a

1247 2983 1388 3040 quavis
1403 2981 1646 3027 auctoritate
1673 2980 1842 3036 fungens
1854 3010 1869 3032 ,
1897 2982 2107 3038 Reliquias
2120 2998 2220 3040 prar-

1247 3043 1370 3085 dieras
1387 3068 1401 3091 ,
1424 3034 1488 3082 seu
1517 3054 1655 3085 earum
1670 3042 1847 3097 aliquam
1873 3054 2055 3097 partem,
2080 3045 2100 3086 a
2120 3043 2224 3087 dicta

1248 3099 1429 3147 Ecclesla
1446 3101 1682 3150 extrahere,
1706 3112 1775 3144 aut
1790 3102 1998 3156 asportare
2013 3129 2027 3151 ,
2057 3102 2135 3144 five
2151 3132 2164 3153 ,
2182 3112 2227 3144 ut

1247 3160 1512 3204 extrahantur
1524 3160 1564 3201 δι
1576 3159 1833 3215 asportentur
1846 3189 1863 3213 ‚
1878 3162 2132 3215 permittere,
2152 3171 2225 3202 aut

1245 3217 1474 3264 consentire
1489 3217 1560 3262 sub
1574 3233 1831 3276 quocumque
1857 3230 2053 3277 praetextu
2072 3248 2086 3270 ,
2115 3233 2221 3274 quae-

1245 3278 1318 3322 fito
1333 3277 1473 3320 colore
1486 3306 1500 3329 ,
1517 3288 1584 3320 aut
1598 3278 1717 3321 causa
1733 3308 1749 3332 ,
1777 3278 1840 3321 vel
1853 3280 2061 3322 occafione
2076 3278 2225 3321 audeat

1245 3336 1311 3380 seu
1336 3337 1546 3392 praesumat
1584 3336 1652 3379 sub
1681 3330 2108 3381 excommunicationis
2133 3335 2224 3377 latae

1244 3392 1449 3443 sententiae
1464 3410 1584 3452 poena
1597 3423 1611 3446 ‚
1626 3410 1697 3452 per
1721 3392 2058 3439 contrafacientes
2085 3396 2223 3436 incur—

1242 3454 1396 3506 renda,
1414 3456 1641 3511 Apostolica
1655 3454 1922 3504 auctoritate,
1950 3463 2099 3497 tenore
2127 3467 2223 3508 prae-

1241 3511 1412 3558 sentium
1429 3513 1708 3557 interdicimus
1723 3515 1764 3556 &
1778 3512 2035 3568 prohibemus
2051 3545 2063 3555 .
2092 3515 2219 3555 Non-³

1243 3571 1490 3617 obstantibus
1517 3571 1884 3618 Constitutionibus
1898 3600 1914 3622 ,
1939 3572 1979 3612 δι
1992 3571 2222 3614 Ordinatio·

1240 3631 1358 3675 nibus
1371 3630 1605 3685 Apostolicis
1616 3653 1630 3676 2
1644 3627 1871 3687 caterisque
1897 3631 2114 3673 contrariis
2131 3630 2220 3685 qui-

202 3674 329 3719 Dom-
347 3669 751 3738 VestrivAnteeeffori
769 3683 843 3728 fuit
859 3684 1079 3741 injunctum
1096 3714 1111 3739 ,
1127 3697 1175 3729 ut
1234 3686 1479 3744 buscumque
1492 3717 1502 3730 .
1520 3689 1720 3733 Volumus
1737 3700 1869 3733 autem
1883 3716 1898 3738 ,
1925 3689 2036 3744 quod
2050 3688 2220 3745 pra-sen·

200 3733 285 3778 PP·
302 3737 521 3797 Capucinis
540 3741 646 3786 istius
663 3744 837 3801 Hospitii
854 3744 894 3787 in
908 3744 1102 3797 Bafilica,
1132 3747 1174 3788 Bt
1234 3749 1286 3791 tis
1311 3748 1600 3806 prohibitionis
1629 3750 1746 3807 copia
1769 3749 1809 3792 in
1837 3748 1977 3806 aliquo
1998 3747 2214 3806 perspicuo

2027 3808 2120 3851 loco
2134 3836 2151 3861 ,
