2496 4172
298 183 2204 488 suppLEMENTu‘ii

708 550 1090 634 TOMI
1178 551 1895 668 SEPTIMI„

247 866 549 920 visitantibus
584 869 787 937 aliquam
815 884 869 919 cx
891 866 1101 920 Ec'clesris
1117 872 1223 918 Fra-

318 953 446 989 trum
482 937 870 989 Miffionariorum
900 942 1148 990 Gallorum
1179 941 1224 989 in

1400 872 1551 913 Datum
1566 872 1706 914 Roma
1722 868 1828 926 apud
1846 871 2029 912 Sanctam
2049 868 2256 914 Mariam-0

1286 927 1483 995 Maiorem
1497 927 1566 972 sub
1583 929 1750 973 Annulo
1775 930 1986 972 Piscator-is
2002 928 2068 972 die
2102 941 2164 972 ιν.
2185 931 2254 986 Ju-

315 1008 520 1078 partibus
538 1008 817 1069 Infidelium,
837 1011 861 1060 a
891 1009 1091 1060 Custode
1110 1046 1126 1068 ,
1148 1009 1226 1060 seu
1285 1000 1342 1028 mr
1372 1001 1653 1032 muccxxiuv.
1683 986 1945 1044 Pontificatfis
1964 987 2101 1034 Nostri
2131 989 2256 1032 Anno

317 1077 535 1130 Praefeeto
562 1078 835 1129 Mistionum
864 1078 1123 1144 hujusmodi
1148 1081 1224 1131 de,
1283 1048 1466 1106 Qarto.

315 1147 579 1219 signandam
610 1187 626 1210 ,
668 1150 740 1200 die
769 1148 881 1200 festo
913 1155 961 1202 S.
994 1150 1222 1201 Ludovici

316 1223 598 1271 Francorum
612 1223 752 1291 Regis
770 1219 1107 1290 Indulgentiam
1121 1223 1219 1291 pice

313 1292 484 1340 nariam
497 1306 761 1360 perpetuam
775 1292 970 1361 largitur
983 1329 998 1343 .

251 1431 720 1484 CLEMENS
781 1433 999 1483 PAPA
1057 1433 1218 1484 XII.

390 1560 457 1604 Ad
473 1569 705 1618 perpetuam
725 1561 787 1604 rei
818 1560 1039 1603 nemu-iam
1055 1585 1070 1599 .
1215 1536 1217 1538 Ι

360 1686 562 1730 OElcstium
575 1699 782 1731 muncrum
797 1685 1001 1732 thesauros
1014 1714 1029 1740 ,
1043 1696 1214 1742 quorum

379 1745 714 1802 dispensationem
740 1746 837 1790 fidei
864 1747 1004 1790 nostre
1034 1743 1213 1787 credidit

249 1805 399 1847 Divina
411 1805 596 1858 dignatio
609 1832 624 1856 ‚
640 1805 816 1848 libenter
839 1816 1047 1860 erogamus
1060 1831 1074 1854 ‚
1087 1815 1219 1845 eum-o

246 1862 299 1905 ad
329 1861 549 1918 augendam
577 1864 618 1905 in
633 1861 748 1906 terris
777 1865 1011 1906 Sanctorum
1041 1862 1081 1904 in
1097 1860 1216 1902 coelis

246 1934 338 1964 cum
365 1920 528 1964 Christo
556 1922 833 1977 regnantium,
860 1919 1155 1975 fovendamque
1179 1920 1220 1961 &-

218 1993 222 1996 ⁴
246 1980 498 2023 excitandam
525 1993 619 2036 erga
645 1981 736 2024 illos
763 1979 942 2023 fidelium
957 1978 1219 2021 devotionem

243 2035 454 2082 salubriter
471 2039 665 2095 expedire
692 2040 730 2082 in
749 2039 925 2083 Domino
950 2037 1191 2080 arbitramur
1205 2065 1220 2080 .

243 2097 608 2153 supplicationibus
629 2099 764 2155 itaque
778 2097 915 2140 dilecti
944 2095 1034 2139 Filii
1061 2097 1217 2139 Cheru·

241 2155 327 2199 bini
341 2156 392 2200 de
410 2158 548 2200 Noves
562 2155 726 2200 Ordinis
743 2159 819 2201 FF.
833 2157 1037 2200 Minorum
1053 2155 1218 2197 &Fran-

242 2214 334 2256 cisci
357 2217 659 2269 Capucinorum
678 2225 999 2275 nuncupatorum
1014 2209 1210 2256 Professo-

240 2271 296 2312 ris
310 2300 325 2322 ‚
336 2285 381 2315 ae
394 2271 637 2316 directorum
657 2275 849 2318 Filiorum
876 2271 1214 2317 Millionariorum

243 2326 459 2370 Gallorum
485 2328 662 2383 ejusdcm
682 2330 846 2372 Ordinis
870 2332 910 2370 in
927 2332 1102 2383 partibus
1120 2326 1214 2369 Infi-

241 2385 394 2428 delium
420 2386 666 2430 existentium
694 2389 733 2429 in
760 2389 946 2432 Romana
963 2389 1090 2430 Curia
1110 2386 1214 2428 Pro-

242 2443 442 2487 curator-is
458 2471 473 2494 ,
493 2447 654 2487 nomine
670 2446 800 2488 Nobis
819 2444 934 2501 super
961 2447 1037 2488 hos
1053 2443 1214 2487 humili-

247 2513 312 2544 ter
327 2501 523 2556 porrectis
538 2501 746 2553 inclinati,
772 2514 819 2543 ac
842 2502 896 2542 de
910 2502 1216 2556 omnipotentis

244 2560 323 2604 Dei
337 2558 611 2602 misericordia
624 2561 686 2610 ,δι
701 2560 912 2603 Beatotum
929 2559 1090 2602 Petri&
1108 2561 1212 2603 Pau-

242 2619 273 2662 li
289 2617 573 2674 Apostolorum
591 2617 675 2673 ejus
688 2618 926 2662 auctoritate
939 2616 1074 2662 confisi
1091 2646 1106 2670 ,
1127 2631 1214 2660 om-

244 2678 361 2721 nibus
384 2673 585 2732 utriusque
609 2673 719 2719 sextis
754 2675 1086 2721 Christifidelibus
1117 2675 1212 2726 vere

243 2735 532 2794 poenitentibus
548 2737 586 2777 δι
601 2734 779 2779 confessis
790 2765 807 2788 ,
825 2751 870 2780 ac
882 2737 998 2780 Sacra
1010 2739 1212 2780 Commu-

244 2795 364 2839 nione
389 2793 546 2837 refeffls
560 2822 575 2845 ‚
591 2794 657 2848 qui
676 2791 848 2851 aliquam
862 2807 911 2840 ex
927 2793 1130 2844 Ecclefiis,
1145 2793 1213 2838 seu

246 2853 444 2896 Oratoriis
459 2853 653 2895 dictorum
670 2854 854 2896 Fratrum
866 2853 1213 2906 Miffiomrhrum,

252 2912 487 2955 Mulieribus
506 2911 601 2954 vero
612 2938 624 2959 ,
637 2911 777 2967 quibus
801 2911 852 2955 ad
867 2913 956 2956 illas
969 2940 984 2964 ‚
997 2911 1062 2955 seu
1073 2913 1144 2956 illa
1160 2912 1214 2956 li-

251 2975 325 3014 ber
351 2983 431 3012 non
450 2978 563 3027 patet
589 2967 762 3014 accessus
789 2969 852 3014 seu
878 2970 1067 3026 ingressus
1082 3001 1098 3023 ,
1128 2985 1214 3028 quae

245 3029 366 3072 aliam
387 3027 601 3072 Ecclesiam
614 3054 630 3078 2
646 3028 708 3073 seu
722 3031 958 3074 oratorium
974 3031 1212 3074 Catholico-

243 3102 336 3132 rum
361 3086 589 3130 earumdem
612 3091 812 3143 partium,
841 3092 863 3134 a
896 3088 1076 3133 Custode
1104 3120 1119 3143 ,
1148 3089 1214 3134 seu

247 3144 441 3191 Praefet‘to
455 3145 683 3190 Miffionum
699 3146 923 3200 huiusmodi
937 3148 1213 3205 designandam

249 3204 313 3248 seu
327 3202 607 3260 designandum
622 3231 637 3254 ,
650 3205 716 3248 die
743 3205 842 3248 festo
871 3210 910 3251 S.
926 3208 1121 3251 Ludovici
1141 3211 1218 3252 Re-

245 3263 308 3319 gis
324 3266 344 3303 a
362 3263 501 3318 primis
518 3263 687 3320 vesperis
700 3264 821 3318 usque
845 3266 895 3308 ad
913 3267 1094 3309 occasum
1110 3268 1214 3310 Solis

247 3321 332 3366 festi
347 3322 597 3378 hujusmodi,
615 3323 774 3378 singulis
789 3326 899 3366 annis
924 3324 1071 3368 devote
1088 3326 1214 3368 visita—

247 3380 402 3428 verint,
417 3380 523 3422 &ibi
539 3394 614 3438 pro
633 3381 948 3426 Christianorum
981 3385 1214 3441 Principum

247 3440 463 3481 concordia
474 3440 552 3482 διε.
565 3441 648 3496 pias
673 3443 723 3483 ad
746 3442 875 3484 Deum
897 3456 1033 3496 preces
1055 3442 1210 3487 effude-

246 3497 357 3546 rint,
384 3497 599 3552 plenariam
619 3501 799 3543 omnium
829 3511 1085 3556 pcccatorum
1117 3501 1210 3545 suo-

246 3568 336 3598 rum
362 3555 677 3613 indulgentiam,
701 3561 742 3602 &
766 3557 1030 3603 remiffionem
1063 3558 1213 3603 miseri-

242 3612 424 3656 corditer
439 3613 478 3656 in
501 3616 678 3660 Domino
702 3618 981 3661 concedimus.
1006 3617 1211 3662 Praesenti-

241 3673 315 3714 bus
342 3676 542 3728 perpetuis
566 3673 709 3720 futuris
724 3679 975 3736 temporibus
991 3676 1174 3721 valituris
1197 3707 1210 3721 .

240 3731 441 3786 Volumus
473 3743 605 3778 autem
617 3735 696 3778 &c-

361 3793 463 3837 Tam.
476 3794 555 3836 Vll.

1341 1162 1537 1222 Exstrt'pt.
1560 1179 1606 1207 ex
1620 1166 1729 1209 Bull-
1744 1167 1915 1208 Romano
1927 1196 1943 1207 .

1625 1302 1761 1320 ι-ο-

1347 1402 1733 1452 RESCRIPTO
1761 1398 2181 1450 PONTIFICIO

1224 1573 1229 1577 ,
1278 1517 1519 1567 Indultum
1543 1518 1716 1567 Altaris
1736 1514 2011 1583 privilegiati
2040 1513 2249 1583 perpetui

1341 1584 1390 1637 ὅ(
1406 1586 1677 1650 quotidiani,
1693 1584 1905 1634 omnibus
1936 1588 2149 1634 Fratrum
2169 1588 2256 1633 Ec·

1345 1652 1489 1704 clessis
1504 1653 1840 1711 conceffum,ad
1854 1671 2012 1702 omnes
2031 1651 2255 1702 Ecclefias

1349 1725 1631 1775 Monialium
1664 1723 1858 1776 Ordinis
1900 1720 2254 1790 Capucinorum

1345 1794 1614 1846 extenditur
1630 1830 1644 1844 .

1556 1913 1797 1981 Beatiffi'me
1817 1913 1976 1963 Patet-0·

1374 2036 1424 2079 R.
1442 2032 1675 2079 Ludovicus
1689 2032 1710 2074 a
1725 2030 1922 2084 Taurino,
1936 2029 2252 2075 ordMinorum

1400 2096 1441 2136 S.
1454 2091 1652 2136 Francisci
1667 2092 1966 2147 Capucinorum
1983 2092 2257 2140 Procurator-5

1278 2155 1312 2193 δι
1328 2152 1630 2195 commissarius
1651 2149 1865 2194 Generalis
1883 2146 2110 2191 humillime
2124 2160 2251 2203 expo-

1276 2212 1334 2253 nit
1347 2237 1362 2260 ,
1374 2224 1424 2253 ex
1440 2208 1710 2265 specialiffima
1741 2215 1779 2254 S.
1798 2210 1850 2250 V.
1866 2206 1997 2263 gratia
2029 2206 2110 2262 jam
2124 2205 2255 2255 omni-¹¹

1275 2270 1348 2311 bus
1369 2270 1557 2312 Ecclefiis
1572 2269 1736 2311 Ordinis
1763 2268 2065 2323 Capucinorum
2089 2262 2254 2307 conces·

1274 2326 1359 2370 sum
1386 2326 1494 2369 suifle
1521 2325 1666 2368 Altare
1681 2325 1812 2380 Maius
1826 2326 2127 2380 privilegiatum
2152 2335 2249 2379 per-

1277 2395 1470 2441 petuum3
1498 2388 1603 2428 Cum
1634 2392 1768 2426 autem
1792 2396 1876 2425 non
1903 2391 2094 2439 appareat
2111 2384 2149 2422 in
2168 2381 2246 2422 hoc

1275 2444 1438 2487 indulto
1474 2457 1567 2486 com
1600 2441 1780 2486 rehensa
1817 2440 1893 2484 effe
1927 2440 2122 2485 Ecclefias
2160 2442 2252 2483 Mo-

1276 2502 1441 2544 nialium
1477 2500 1570 2556 ejus
1589 2513 1652 2542 em
1679 2500 1847 2541 Ordinis
1870 2525 1887 2550 ‚
1924 2502 1965 2540 δι
2002 2512 2052 2542 ex
2092 2507 2249 2552 parte.)

1275 2559 1510 2603 carumdem
1523 2588 1538 2609 ‚
1551 2556 1602 2599 ad
1618 2555 1907 2600 removendum
1926 2568 2047 2598 omne
2063 2555 2252 2608 dubium,

1274 2620 1481 2662 reiteratae
1500 2616 1609 2660 fasta
1621 2617 1771 2658 fuerint
1795 2615 1990 2658 instantia
2005 2641 2020 2665 ‚
2047 2611 2248 2668 supplicat

1272 2680 1423 2721 Orator
1436 2678 1534 2718 S.V.
1545 2676 1784 2726 clementiae,
1799 2685 1861 2726 ut,
1878 2674 1903 2716 fi
1917 2674 1957 2716 in
1975 2672 2163 2729 praediao
2178 2675 2249 2716 ln-

1272 2736 1392 2780 dulto
1407 2736 1703 2789 comprehensae
1719 2748 1799 2776 non
1814 2732 1972 2779 fuissent
1990 2730 2154 2773 illarum
2165 2733 2250 2774 Ec·-

1273 2795 1399 2840 clefiae
1411 2825 1426 2848 ‚
1442 2794 1541 2850 ipsas
1552 2792 1841 2851 comprehendi
1869 2803 2031 2847 paterna
2047 2788 2114 2832 sua
2128 2790 2245 2833 beni-¹

1271 2856 1427 2911 gnitate
1441 2853 1651 2898 declarare
1662 2853 1924 2908 dignetur-Et
1935 2863 2013 2907 pro
2024 2850 2153 2904 gratia
2164 2850 2242 2891 &c-

1334 2978 1395 3019 Ex
1407 2970 1609 3017 audientia
1634 2970 1749 3014 ssim
1770 2969 1832 3012 dle
1851 2983 1918 3024 31.
1934 2966 2046 3022 Maji
2065 2979 2191 3021 1753-

1393 3088 1659 3135 Sanctiffimus
1675 3087 1848 3146 benigne
1862 3086 2002 3130 annuit
2015 3099 2089 3143 pro
2101 3083 2243 3127 Gratia

1276 3151 1515 3197 extenfionis
1529 3147 1758 3198 Indulti2de
1771 3144 1904 3205 quoin
1919 3143 2245 3202 precibus2etiam

1276 3212 1324 3254 ad
1340 3223 1476 3253 omnes
1491 3238 1506 3261 ,
1519 3209 1561 3250 δε
1573 3207 1740 3263 fingulas
1757 3204 1957 3250 Ecclcfias
1970 3201 2246 3266 Monialiumff

1276 3271 1581 3327 Capucinorum
1595 3267 1763 3310 Ordinis
1786 3268 1934 3321 ubique
1947 3264 2134 3305 locorum
2157 3266 2246 3300 exto*

1277 3329 1423 3372 ssentes
1435 3358 1448 3379 ‚
1477 3326 1738 3382 eamdemque
1766 3324 1933 3380 gratiam
1960 3333 2030 3375 per
2061 3319 2138 3360 hoc
2157 3315 2244 3383 iim:

1274 3389 1367 3446 plcx
1400 3385 1654 3441 Rescriptum
1685 3386 1725 3426 in
1757 3389 1998 3438 perpetuum
2038 3374 2243 3443 suffragari

1274 3447 1409 3491 voluit
1425 3476 1441 3497 ,
1470 3444 1635 3501 perinde
1648 3470 1662 3491 ‚
1690 3457 1738 3485 ac
1752 3442 1775 3483 fi
1794 3442 1909 3496 super
1936 3435 2078 3480 eodem
2095 3434 2245 3501 litterae

1269 3504 1513 3562 Apostolicae
1536 3503 1577 3544 in
1603 3500 1732 3545 forma
1748 3501 1906 3546 Brevis,
1938 3494 2065 3540 solitis
2080 3499 2241 3537 munrtae

1270 3565 1359 3607 elau
1369 3561 1463 3605 sulis
1480 3588 1495 3611 ‚
1509 3560 1705 3618 expeditae
1718 3558 1872 3603 fuiffent
1887 3585 1899 3598 .

1331 3682 1503 3738 Autogr.
1518 3678 1562 3722 in
1575 3679 1694 3724 Arcb.
1714 3680 1821 3722 Pruc.
1836 3678 1938 3719 {imi

1654 3796 1776 3840 Hhh
2083 3791 2182 3834 AP-
