2496 4172
291 160 455 249 150

224 279 299 320 bra
310 279 577 329 exhibentes,
605 276 647 321 id
673 277 799 334 ipsum
814 279 980 328 dicant,
1011 280 1055 322 ut
1083 284 1198 336 Apo·

225 337 351 380 stolus
362 338 580 392 exoptabat
594 339 784 382 ardenter
797 367 813 390 ,
828 341 866 382 &
882 341 956 382 fint
973 339 1139 395 perfeffi
1157 341 1197 380 in

226 396 373 439 eodem
387 399 524 447 i‘eniit,
553 398 594 439 ἀ
617 398 657 439 in
684 400 824 442 eadem
842 401 1062 441 sententia.
1093 399 1200 441 Hine

226 456 509 557 cufflprimgss
521 456 723 556 AltiifiAmo
732 458 902 558 stpilatcuit
931 457 1202 524 humilitatem

227 527 283 556 no
337 528 403 556 am
417 529 440 556 a
498 529 622 558 ummt
674 531 728 570 po
761 531 787 558 o
804 526 895 559 atus
922 530 944 557 a
977 531 1077 560 icem
1108 530 1203 559 eve-

228 573 353 621 here,
385 572 674 631 nulliunquam
686 575 815 618 labori
830 531 996 629 parceee
1020 574 1201 618 decrevi·

228 645 316 673 mus
327 660 344 683 ,
371 644 492 687 quem
506 646 589 676 non
609 630 739 675 solum
770 632 821 674 ad
840 634 1141 688 propagandam
1162 634 1202 674 in

227 703 390 732 omnem
406 692 576 732 Terram
594 690 735 739 Fidei,
757 692 798 733 δι
822 689 956 734 salutis
968 692 1170 734 scientiam
1188 717 1204 740 ,

229 749 293 791 sed
308 749 429 789 etiam
449 749 500 791 ad
515 748 714 791 unitatem
731 747 890 804 spiritus
912 778 927 801 ,
949 750 991 792 δι
1014 750 1204 791 doetrinae

230 809 339 850 inter
354 805 515 849 fideles
546 806 695 860 ubique
713 804 933 849 fovendam
947 835 963 859 ,
987 808 1028 849 δι
1053 805 1204 849 confir-

231 865 416 908 mandam
435 893 449 916 ,
481 863 544 905 vel
559 892 575 915 ,
606 862 727 907 ficubi
741 878 845 920 opus
859 864 982 912 esta
1017 865 1204 907 reconci-

229 924 403 965 liandam
418 948 434 969 ,
452 922 495 964 δε
507 920 787 964 stabiliendam
802 949 817 972 ,
842 922 1074 1022 opituhnte
1087 924 1176 964 Deo
1188 949 1203 974 ,

227 978 483 1036 proficuum,
509 980 552 1021 δι
575 978 838 1022 neceffarium
863 978 954 1023 fore
1006 981 1206 1036 eprehen-

229 1040 415 1082 deremus
429 1066 442 1078 .

343 1095 502 1139 Vert'tm
517 1109 640 1152 quum
655 1109 742 1140 eam
757 1095 811 1137 ob
822 1098 983 1140 causam
1004 1096 1055 1139 ad
1069 1105 1208 1140 extre-

230 1169 313 1198 mas
341 1153 464 1211 usque
485 1157 609 1199 Orbis
642 1157 777 1198 Terrae
803 1155 948 1212 Plagae
969 1156 1115 1199 mentis
1131 1169 1209 1198 no-

228 1215 314 1258 ssrae
327 1214 496 1257 obtutus
505 1214 775 1271 dirigeremus
790 1241 805 1265 ,
829 1214 975 1273 eosque
990 1215 1210 1271 peculiari-

230 1283 295 1317 ter
320 1270 536 1329 figeremus
566 1273 608 1316 in
631 1271 797 1317 novella
811 1273 879 1316 illa
891 1275 1074 1330 germina
1088 1274 1209 1317 Chri·-

232 1332 439 1377 stianitatis
450 1360 465 1384 ,
479 1345 567 1389 quae
580 1361 594 1383 ,
612 1331 761 1376 Divina
774 1331 979 1377 irrorante
992 1331 1124 1391 gratis
1137 1361 1153 1384 ,
1164 1332 1206 1376 in

227 1390 342 1435 novis
358 1391 545 1436 Ecclefiis
560 1393 797 1448 Regnorum
808 1388 1208 1448 Madurenfismays-

229 1449 411 1501 surenfis,
426 1452 465 1493 δι
481 1453 693 1494 Carnatcn
701 1449 745 1493 fis
761 1448 914 1495 dudum
931 1450 1209 1509 pullulirunt,

229 1522 309 1551 non
325 1523 490 1565 parvam
507 1509 636 1553 Nobis
651 1509 744 1553 inde
762 1504 949 1566 liborum
961 1539 979 1564 ,
997 1521 1124 1568 atque
1137 1523 1208 1559 eu·

230 1580 368 1610 rarum
379 1569 590 1611 materiem
602 1568 769 1612 allatum
781 1559 832 1613 iri
845 1572 1103 1621 verebamur,
1112 1567 1209 1612 dum

230 1626 367 1668 animo
380 1625 688 1679 recenseremus,
733 1624 900 1673 uantum
913 1657 927 1680 ,
940 1630 980 1672 &
999 1643 1122 1686 quam
1139 1625 1226 1670 dit't.

229 1684 468 1739 Apostoliea
496 1686 684 1730 Predece
741 1700 832 1729 rum
873 1687 1068 1742 Nostrum
1098 1686 1211 1728 desu-

230 1743 356 1787 dafl'et
372 1743 567 1787 industria
581 1773 598 1797 ,
608 1754 652 1788 ut
666 1758 716 1787 ex
730 1758 870 1788 recens
887 1744 1210 1790 coalescentibus

228 1803 510 1858 predictorum
532 1805 765 1859 anornm
780 1803 965 1849 Ecclciiis
984 1834 999 1858 ‚
1021 1817 1210 1848 vanarum

230 1861 587 1915 observationum,
602 1862 831 1917 rituumque
846 1865 870 1907 a
886 1864 1111 1907 Christiana
1133 1864 1194 1904 Re

233 1920 383 1974 ligione
394 1919 704 1962 abhorrentium
717 1922 875 1964 zizania
889 1920 1084 1963 radicitus
1099 1918 1212 1962 evel-

232 1978 359 2020 lerent
374 2003 390 2027 ,
411 1988 534 2035 atque
562 1980 814 2032 importunas
828 1977 1126 2022 controversias
1153 1978 1211 2020 in·

232 2047 295 2079 ter
306 2034 437 2080 sacros
453 2035 556 2092 ipsos
574 2038 798 2093 Regionum
815 2036 977 2082 illarum
994 2036 1213 2093 Operarios

235 2096 276 2137 in
298 2110 342 2139 re
355 2106 435 2137 tam
451 2097 564 2151 gravi
581 2106 740 2146 exortas
755 2123 770 2146 ,
782 2098 824 2139 δι
838 2125 854 2148 ,
866 2098 977 2153 quod
994 2097 1119 2152 magis
1133 2095 1210 2137 do·

231 2153 394 2199 lendum
408 2164 493 2197 erat
508 2154 687 2202 ,inimici
701 2156 871 2197 bominis
886 2168 1010 2211 opera
1030 2183 1044 2204 ,
1064 2153 1208 2196 nostris

230 2214 364 2256 adbuc
382 2214 634 2267 temporibus
649 2215 881 2269 perflantes,
896 2221 1207 2268 componerent,

229 2282 355 2328 atque
375 2269 630 2316 eliminarent
645 2300 657 2312 .
694 2275 889 2315 Attamen
922 2271 1109 2315 fiduciam
1135 2283 1207 2313 no·

234 2331 353 2374 ssram
367 2329 624 2375 collocantes
637 2332 677 2373 in
698 2331 877 2374 Domino
892 2359 908 2382 ,
928 2331 997 2387 qui
1014 2331 1208 2372 humanos

231 2391 386 2434 animos
398 2415 414 2441 ,
427 2388 493 2431 ubi
510 2389 597 2433 vult
610 2419 627 2442 ‚
654 2388 816 2433 fortiter
833 2418 848 2440 ‚
873 2389 1133 2444 suaviterque
1149 2387 1204 2429 in·

231 2449 355 2492 flectit
372 2460 390 2501 ς
418 2446 660 2504 potiilimum
686 2451 785 2494 veto
798 2477 814 2501 ,
840 2462 964 2505 quum
983 2448 1128 2492 delatis
1157 2442 1210 2487 ad

230 2509 321 2552 Nos
336 2509 585 2560 argumentis
601 2505 737 2551 filialis
749 2507 993 2552 obedientie
1003 2536 1019 2559 ,
1031 2520 1108 2564 qua
1123 2504 1189 2561 ple

232 2566 345 2622 rique
360 2565 521 2609 iliarum
540 2568 719 2610 Panium
736 2566 967 2612 Miffionarii
995 2564 1212 2622 suprema.-

234 2623 349 2680 hujus
363 2624 602 2680 Apostolicoe
615 2625 730 2669 sedis
746 2628 924 2671 Decreta
954 2627 992 2668 ie
1023 2625 1214 2681 excipere

237 2681 394 2740 proseffi
413 2682 497 2725 sunt
519 2710 533 2734 ,
550 2684 681 2727 Nobis
699 2683 921 2741 expositum
935 2679 1010 2728 fuit
1023 2711 1040 2735 ,
1056 2682 1105 2727 ad
1122 2697 1210 2726 om·

233 2756 307 2787 nes
322 2741 485 2786 demum
503 2742 549 2783 iis
563 2741 616 2785 de
633 2744 755 2787 rebus
769 2743 1064 2788 controversias
1079 2743 1212 2786 sedan.

235 2801 306 2845 das
318 2829 334 2853 ,
361 2814 410 2844 ac
436 2800 716 2856 predictarum
737 2800 1004 2847 Ecclcfiarunt
1033 2800 1214 2845 statum-0

234 2860 564 2916 componendum
580 2871 724 2917 ‚atque
741 2858 979 2905 firmandum
992 2888 1008 2913 ,
1034 2859 1088 2904 nil
1102 2857 1214 2903 aliud

238 2918 318 2973 jam
333 2918 532 2973 reliquum
546 2915 623 2962 effe
640 2946 656 2971 ,
670 2919 791 2975 quim
808 2929 850 2965 ut
863 2917 914 2965 ad
929 2919 1128 2965 nonnulla
1141 2931 1215 2975 po-

237 2976 379 3021 stulata
392 3001 408 3026 ‚
437 2989 522 3030 qun
536 2990 586 3021 ea
606 2989 720 3032 parte
744 2978 977 3037 aliquorum
993 2978 1216 3033 Operatio-

240 3051 328 3080 rum
345 3032 572 3087 huiusmodi
589 3038 720 3080 Nobis
740 3036 1069 3094 proponebantur
1082 3064 1099 3090 ,
1113 3049 1213 3080 con·

237 3109 344 3151 grue
361 3090 623 3138 resolutiones
640 3123 654 3146 ,
672 3096 713 3139 dt
729 3094 999 3151 responsiones
1013 3094 1216 3152 Apostoli·

238 3154 284 3198 ei
302 3152 542 3196 austoritate
557 3153 769 3207 prodirent
786 3167 803 3209 ς
829 3168 1013 3211 magnam
1041 3156 1080 3199 in
1109 3151 1214 3211 spem

240 3213 361 3257 erecti
376 3209 504 3254 sumus
517 3242 533 3265 ,
547 3209 634 3255 sore
646 3240 662 3264 ‚
689 3224 731 3257 ut
749 3213 913 3259 sublatis
932 3228 1001 3269 per
1016 3222 1216 3269 opportu-

241 3287 291 3316 na
326 3270 511 3325 rescripta
542 3270 752 3328 proponti·
781 3273 1108 3317 dubitationibus
1126 3300 1141 3322 ‚
1169 3285 1217 3314 ac

242 3331 406 3373 finitivis
416 3330 579 3374 demum
594 3330 737 3375 nostris
750 3359 765 3385 ,
795 3332 837 3376 dc
850 3331 964 3386 hujus
976 3330 1216 3387 Apostolic-

244 3390 357 3433 sedis
374 3390 571 3434 mandatis
584 3418 602 3443 ,
622 3400 743 3446 atque
767 3392 975 3493 preceptis
990 3389 1109 3435 editis
1124 3417 1138 3443 ,
1168 3402 1213 3432 ac

245 3450 512 3505 promulgatis
528 3478 544 3502 ,
568 3460 764 3505 optatusa
789 3450 797 3460 ’
828 3451 963 3495 nando
981 3447 1068 3494 finis
1086 3450 1214 3504 impo-

246 3519 408 3552 neretur
433 3509 636 3555 diuturnis
650 3537 667 3563 ,
696 3508 803 3553 mole
839 3507 944 3567 isque
971 3505 1216 3553 diffenssoni·

244 3567 314 3607 bu·
330 3593 343 3614 s
359 3582 446 3623 qut
460 3569 764 3614 predicationis
782 3569 1032 3625 Evangelia
1048 3568 1090 3611 in
1122 3580 1218 3623 prat-

246 3625 359 3665 dissis
382 3630 531 3684 Regnis
548 3626 648 3671 olim
664 3627 919 3673 diffcminatoe
934 3625 1105 3671 fructum
1134 3625 1215 3669 late

248 3679 491 3743 inficientes,
510 3685 687 3745 ipsasque
700 3701 894 3731 novarum
915 3685 1222 3731 metesinum..

248 3740 401 3781 iubolcs
419 3747 645 3790 vehementi
661 3747 951 3790 discordiarum
965 3747 1126 3790 turbine
1141 3746 1222 3801 agi·

1026 131 1546 239 Monumenta

1255 292 1417 327 tantes,
1441 280 1491 321 eo
1518 290 1601 320 rem
1625 276 1879 320 adduxerant
1907 303 1923 327 ,
1951 280 1998 318 ut
2025 285 2089 321 tot
2113 278 2246 320 Verbi

1253 352 1455 396 praecones
1472 337 1608 379 eximii
1625 337 1704 379 fine
1719 336 1834 380 causa
1858 334 1992 378 adhuc
2014 334 2212 379 laboraffe
2226 365 2244 390 ‚

1262 398 1474 454 largosque
1490 395 1654 439 sudores
1667 424 1682 447 ,
1705 397 1744 437 δι
1769 395 1998 450 sanguinem
2013 396 2143 452 ipsum
2160 394 2247 438 fru-

1262 458 1338 500 stra
1351 452 1527 499 effudisse
1546 455 1784 499 viderentur
1801 483 1813 495 .

1378 516 1438 559 Ut
1461 516 1571 557 enim
1588 514 1716 556 multa
1731 524 2008 570 praetereamus
2021 540 2038 565 ,
2064 525 2150 568 quat
2177 527 2249 554 re-

1263 575 1429 617 troastis
1458 573 1716 629 temporibus
1747 574 1821 615 hac
1848 571 1889 613 in
1916 585 1960 612 re
1985 571 2248 624 acciderum3

1264 634 1474 689 graviores
1489 659 1504 682 ,
1516 646 1617 688 quas
1634 633 1858 681 innuimus,
1874 629 2160 673 controverfiae
2170 631 2250 673 hoc

1262 690 1349 748 ipso
1375 692 1542 734 ineunte
1563 690 1704 733 saeculo
1731 699 1985 746 eruperunt,
2019 688 2081 731 seu
2114 689 2247 745 potius

1264 762 1467 794 renovatae
1486 748 1649 793 fuerunt
1665 778 1679 800 ,
1692 763 1817 805 quum
1838 749 1862 792 ὲ
1876 745 1945 791 fel.
1960 748 2124 790 record.
2142 750 2250 791 Prae-

1263 808 1468 851 deceflore
1485 808 1634 853 Nostro
1643 807 1863 852 Clemente
1878 807 1983 862 Papa
2002 807 2075 849 Xl.
2093 806 2223 850 miffus
2236 831 2252 856 ,

1262 866 1314 909 ad
1345 869 1471 909 Oram
1493 867 1783 912 Coromandeli
1815 865 1973 922 appulit
1998 867 2067 908 bo.
2085 869 2251 909 me-Ca-

1266 922 1378 967 rolus
1393 926 1683 972 Thomas,tunc
1700 925 2249 977 PatriarchaAminchenus,

1266 996 1358 1025 cum
1380 983 1577 1036 potestate
1594 983 1735 1037 Legati
1761 984 1782 1025 i
1799 985 1950 1027 Latere
1978 983 2020 1026 in
2050 983 2174 1027 Indiis
2190 985 2251 1026 Ο-

1267 1039 1507 1083 rientalibus
1521 1039 1820 1083 Commiffarius
1835 1069 1849 1092 ,
1864 1043 1905 1084 δι
1923 1040 2121 1084 Vifitator
2136 1046 2247 1098 Apo·

1268 1100 1459 1150 flolicus,
1489 1097 1638 1141 deinde
1671 1097 1785 1154 hujus
1812 1102 1854 1142 S.
1874 1101 1927 1142 R.
1948 1101 1998 1141 Ε.
2015 1100 2247 1144 Cardinalis

1269 1158 1506 1203 Turnonius
1518 1167 1773 1212 nuncupatus
1789 1185 1801 1198 .
1833 1157 1873 1200 Is
1888 1158 1996 1201 enim
2015 1185 2031 1209 ‚
2053 1159 2104 1200 eb
2123 1171 2249 1203 cum..-

1268 1213 1553 1274 appuliffet,ad
1569 1217 1764 1258 trutinam
1781 1217 1936 1259 vocatis
1952 1217 2160 1260 nonnullis
2175 1231 2252 1259 σε·

1268 1276 1460 1321 remoniis
1477 1302 1490 1324 ,
1515 1289 1603 1332 que
1620 1275 1671 1318 ab
1685 1274 1885 1331 aliquibus
1904 1274 2162 1319 Miffionariis
2178 1277 2252 1318 ob-

1268 1335 1554 1386 servabantur,
1587 1335 1652 1377 vel
1670 1334 2014 1389 permittebantur
2032 1362 2047 1385 ,
2077 1337 2130 1378 ab
2157 1334 2249 1377 aliis

1270 1396 1369 1438 vero
1393 1406 1594 1450 tamquam
1624 1390 1860 1437 Christianae
1897 1392 2058 1448 pietatis
2096 1394 2250 1450 spiritui

1269 1450 1436 1497 minime
1447 1452 1677 1497 conformes
1704 1450 2020 1507 rejiciebantur,
2043 1454 2154 1495 uude
2184 1451 2250 1495 di-

1270 1512 1517 1557 scordiarum
1533 1540 1548 1564 ,
1572 1513 1613 1554 &
1636 1509 1985 1554 suneffiffimarum
2007 1509 2254 1567 disputatio-

1272 1585 1370 1615 num
1399 1569 1576 1622 semina,
1600 1570 1826 1625 exploratis
1851 1568 1926 1620 ed,
1951 1582 2031 1627 qua
2058 1583 2132 1626 par
2158 1579 2250 1613 erat

1271 1627 1635 1687 diligentisdaffis
1661 1630 1702 1672 δι
1726 1627 2072 1680 circumstantiis,
2103 1626 2126 1669 ὲ
2148 1642 2250 1674 re...v

1270 1689 1497 1732 Christiana
1512 1688 1589 1732 efle
1603 1715 1619 1740 ,
1630 1688 1770 1746 suique
1783 1686 1916 1730 Officii
1933 1697 2071 1744 partes
2085 1689 2251 1743 exigere

1271 1747 1467 1804 judicavit
1493 1775 1510 1800 ,
1556 1748 1692 1807 piures
1722 1745 1953 1804 hujusmodi
1991 1746 2252 1790 ceremonias

1272 1806 1385 1864 gravi
1402 1805 1624 1849 interdicto
1636 1805 1887 1861 proscribere
1903 1831 1919 1856 ,
1944 1815 2065 1862 atque
2089 1806 2255 1848 damna·

1274 1865 1518 1919 refluoque
1537 1863 1696 1916 Edicto,
1711 1863 1779 1906 feu
1798 1866 1980 1907 Decreto
1993 1872 2151 1905 certam
2163 1861 2256 1907 Miss

1274 1922 1454 1964 fionariis
1466 1935 1648 1964 normam
1665 1920 1922 1977 prescribere
1937 1949 1951 1973 ‚
1975 1933 2094 1978 quam
2120 1922 2161 1964 in
2179 1934 2252 1965 ex-

1272 1979 1454 2025 colendo
1484 1979 1701 2023 Dominico
1727 1978 1803 2023 illo
1821 1981 1939 2036 Agro
1960 1981 2092 2024 cunni
2122 1981 2257 2024 servit-

1272 2050 1365 2085 rent
1382 2069 1398 2093 ,
1417 2049 1460 2082 ut
1479 2039 1616 2085 Divini
1630 2037 1755 2083 Verbi
1775 2036 1904 2083 semen
1915 2066 1933 2090 ,
1948 2037 2115 2094 praecifis
2132 2037 2257 2090 lolio,

1271 2100 1312 2142 &
1337 2097 1551 2155 vepribus,
1561 2094 1664 2144 altas
1676 2110 1795 2153 agere
1812 2097 1992 2150 radices,
2027 2098 2065 2140 δι
2081 2094 2259 2141 seliciffi·

1270 2157 1334 2199 me
1350 2155 1473 2212 poffet
1492 2155 1705 2209 propagari
1721 2183 1735 2196 .
1748 2156 1878 2214 Qod
1894 2156 2057 2211 quidem
2070 2156 2092 2199 d
2107 2154 2146 2200 se
2156 2155 2253 2200 edi·

1269 2226 1356 2259 tum
1373 2217 1591 2258 Decretum
1607 2216 1631 2256 'a
1645 2210 1872 2256 Millionum
1886 2213 2047 2256 illarum
2067 2214 2251 2259 Provin-

1268 2274 1438 2319 cialibns
1449 2297 1465 2321 ,
1486 2273 1526 2314 δι
1541 2269 1821 2326 superioribus
1850 2269 1922 2314 sub
1931 2284 2054 2327 poena
2073 2272 2257 2316 Excom-

1271 2329 1558 2376 municationis
1575 2326 1655 2372 late
1670 2326 1874 2373 sententie
1887 2353 1905 2379 ‚
1932 2329 1953 2372 δ
1969 2330 2128 2374 ceteris
2144 2332 2248 2375 sero

1270 2389 1453 2436 subditis
1467 2386 1717 2434 Miffionariis
1731 2386 1800 2431 sub
1818 2399 1939 2444 poena
1955 2386 2251 2446 suspensionisi

1276 2449 1430 2494 Divinis
1448 2445 1531 2504 ipso
1546 2444 1936 2497 fastoincurrendoe,
1957 2446 2252 2492 inviolabiliter

1270 2508 1500 2558 observari,
1524 2507 1562 2549 dt
1574 2505 1807 2551 executioni
1824 2505 2003 2550 mandari
2020 2508 2213 2564 precepit
2230 2534 2248 2560 ,

1270 2569 1403 2611 donee
1430 2565 1550 2610 aliter
1569 2564 1800 2621 Apostolica
1833 2565 1958 2608 Sedes
1982 2565 2253 2622 provideret·

1272 2623 1516 2681 Exemplum
1528 2633 1671 2668 autem
1683 2622 1851 2668 Dect-eti
1864 2621 2059 2679 ejusmodi
2077 2624 2133 2668 est
2148 2653 2165 2678 ‚
2192 2625 2255 2669 vi-

1271 2685 1416 2731 delicet
1435 2695 1450 2729 t

1389 2740 1552 2789 Carolus
1582 2738 1741 2784 Thenas
1767 2739 2021 2786 Mamardde
2042 2744 2224 2787 Your-non
2239 2769 2255 2794 0

1275 2800 1375 2853 Dei,
1405 2801 1453 2850 θ’
1473 2799 1696 2857 Apostolice
1719 2799 1826 2843 Sedis
1844 2797 1985 2857 gratia
2013 2799 2254 2844 Parriaerchc

1261 2859 1535 2905 'Antlochenni
1549 2887 1564 2911 ,
1586 2857 1814 2918 ὑπῆψαν·
1827 2861 1873 2902 D.
1884 2861 1935 2902 Ν.
1949 2858 2165 2911 dementis,
2181 2861 2259 2903 De-

1275 2921 1369 2962 sino
1386 2918 1632 2962 &avidentia
1653 2920 1761 2971 Paepe
1781 2919 1852 2963 XI.
1889 2918 2074 2963 meam
2108 2923 2253 2964 Done-

1263 2977 1386 3037 stitus
1401 2999 1416 3022 ι
1436 2977 1516 3035 ejus
1537 2974 1734 3035 Pontificio
1757 2977 1859 3019 sotio
1880 2974 2051 3034 Affllleaes
2065 3003 2078 3030 ,
2110 2988 2256 3021 necnon

1274 3034 1431 3080 suffe
1446 3038 1625 3079 Romane
1638 3061 1653 3086 ,
1668 3035 1717 3084 ὁ*
1736 3036 1970 3091 Universum
1989 3033 2256 3092 lsqnifiu'onir

1275 3105 1413 3139 eoum
1425 3093 1648 3139 heretica·
1670 3093 1915 3151 pravitatem
1943 3096 2148 3150 Consulens·
2162 3120 2177 3146 ,
2208 3105 2259 3137 ac

1276 3153 1318 3196 in
1337 3153 1454 3199 indiis
1468 3152 1734 3197 Orientalibus
1751 3178 1764 3200 ,
1786 3151 1841 3205 ά·
1858 3157 2044 3198 sincrum
2062 3151 2225 3209 lupario
2239 3179 2255 3204 ,

1267 3212 1530 3274 finitimisque
1549 3211 1685 3267 Infidis
1705 3211 1995 3270 Comuifflrrim
2007 3241 2024 3265 ,
2039 3210 2093 3264 ὸ·
2117 3210 2255 3270 Vlfin-

1277 3284 1342 3316 eor
1356 3274 1589 3380 Agstmffl
1616 3284 1701 3317 cnut
1716 3268 1922 3333 suculento
1939 3270 2079 3330 Legati
2105 3270 2151 3315 de
2173 3273 2253 3317 La-

1279 3341 1360 3375 ecre
1426 3345 1461 3374 c.
2184 3349 2187 3353 ·

1397 3394 1504 3434 inm
1508 3388 1743 3447 graviores,
1763 3388 2128 3446 quibasprmenur
2142 3414 2156 3439 ‚
2187 3402 2253 3432 cu-

1278 3464 1342 3493 ran
1356 3460 1427 3505 pro
1445 3449 1651 3504 Apostollel
1684 3447 1897 3504 ruste-eom
1928 3460 2085 3491 munere
2100 3446 2221 3492 Nobis
2238 3473 2254 3496 ,

1278 3510 1367 3552 Ilec‘e
1379 3519 1492 3551 tanto
1506 3511 1614 3551 oneri
1631 3504 1844 3564 inparibus
1856 3531 1872 3555 ‚
1885 3508 2060 3562 injuncto
2072 3538 2084 3559 ,
2103 3506 2257 3565 rafim!

1278 3568 1537 3624 cstpuclpua
1549 3593 1565 3620 ,
1578 3579 1664 3611 cuns
1677 3568 1753 3612 Not
1765 3564 1840 3610 bue
1852 3563 1974 3623 niffli
1999 3565 2070 3625 ff
2086 3564 2256 3620 confide-

1280 3641 1413 3670 ranmr
1425 3627 1481 3671 ad
1489 3623 1782 3683 expurgandum
1801 3626 2053 3669 Dominum
2068 3640 2092 3668 a
2122 3637 2211 3669 rum
2227 3623 2257 3665 d

1281 3689 1443 3729 zizaniis
1467 3687 1615 3729 novem
1639 3682 1785 3740 christi
1798 3684 1980 3741 germina
2001 3685 2057 3740 sit
2099 3679 2253 3727 ocant?-

1282 3746 1346 3787 bm
1362 3772 1374 3794 ‚
1392 3745 1439 3795 (5
1454 3744 1640 3789 decennii
1652 3752 1819 3800 peccam
1832 3750 2022 3788 rationem
2036 3742 2106 3802 ‘ff'
2122 3740 2253 3790 reddh

2120 3811 2165 3844 lu
2181 3827 2184 3831 ·
