2496 4172
291 169 456 278 184

226 314 363 369 agitur
375 337 391 360 ‚
406 307 478 353 sub
491 310 575 354 ritu
609 312 745 368 prima:
757 310 885 355 claffis
900 313 942 354 in
957 312 1070 356 Festo
1087 311 1201 366 ipfius

228 373 362 415 Sancti
377 370 620 426 inposterum
633 374 808 416 recitare
823 400 839 422 ‚
852 373 892 415 δι
909 371 1061 413 Miflam
1076 369 1203 424 respe-

224 431 337 476 aive
364 430 572 475 celebrare
601 431 744 485 poflint
757 458 772 480 ,
791 432 832 472 Bt
846 430 1005 472 valeant
1019 457 1031 468 .
1065 431 1142 470 Die
1155 442 1194 470 x.

226 488 380 544 Aprilis
396 501 645 532 aucensv-
670 506 727 534 =
757 493 810 532 A.
827 492 873 531 F.
886 490 1011 531 Card.
1025 486 1195 528 Zonda-

225 548 315 589 dari
329 546 549 591 Pro-Pras.
563 563 621 591 ·.-.-..
633 552 688 592 Ν.
705 553 766 591 Μ.
787 547 986 590 Tedescbi
1000 549 1195 602 Archiep.

225 610 426 662 Apamen-
444 609 487 650 S.
502 608 556 648 R.
573 610 626 649 C.
640 612 749 651 Secr.
765 621 821 648 ε
837 609 885 648 L.
897 608 953 661 >1⁴
966 606 1007 646 S.

339 665 447 707 Cum
467 675 626 716 autem,
642 664 739 707 ficut
760 679 835 719 pro
851 675 964 716 parte
981 662 1075 703 dieti
1089 662 1200 704 Che-

225 724 360 767 rubini
381 724 513 766 Nobis
539 724 706 767 subinde
733 723 959 773 expolitum
975 720 1049 763 fuit
1066 749 1081 772 ,
1115 721 1196 774 ipse

227 787 452 826 Decretum
467 779 696 836 hujusmodi
714 810 728 831 ‚
744 782 825 835 quo
840 777 981 821 firmius
1010 777 1198 826 subsistat,

226 839 468 897 Apostolicae
482 838 801 882 confirmationis
818 837 956 878 nostrae
972 837 1196 891 patrocinio

224 899 468 943 communiri
481 895 735 951 summopere
751 895 951 937 defideret
965 923 978 935 .
1007 898 1094 937 Nos
1109 898 1197 948 spe·

224 958 367 1000 cialem
382 957 448 1011 ipsi
463 955 702 998 Cherubino
717 954 890 1007 gratiam
906 950 1040 994 facere
1056 951 1195 995 volen-

224 1028 282 1059 tes
303 1042 319 1064 ,
349 1026 523 1068 eumque
538 1014 562 1056 a
577 1012 782 1068 quibusvis
814 1009 1199 1052 excommunicatio-

221 1075 283 1117 nis
295 1073 374 1114 διε.
386 1070 615 1113 absolutum
630 1069 719 1112 fore
742 1068 947 1112 censentes
959 1096 975 1120 ,
1002 1066 1199 1123 supplica-

226 1131 403 1174 tionibus
417 1127 504 1183 ejus
519 1130 681 1172 nomine
695 1128 823 1172 Nobis
844 1126 961 1183 super
975 1127 1051 1169 hoc
1070 1126 1197 1168 humi-

223 1192 318 1233 liter
339 1187 532 1243 porrectis
561 1187 771 1236 inclinati,
801 1189 1027 1230 Decretum
1053 1188 1195 1241 praein·

220 1248 369 1292 sertum
400 1245 641 1290 auctoritate
667 1244 903 1302 Apostolica
925 1255 1066 1290 tenore
1095 1258 1195 1299 prae·

219 1306 390 1350 sentium
415 1305 685 1361 approbamus
700 1332 716 1356 ‚
729 1307 769 1347 δι
799 1303 1085 1348 confirmamus
1103 1332 1118 1356 ,
1146 1303 1198 1346 il-

222 1369 332 1423 lique
356 1364 605 1409 inaiolabilis
635 1363 873 1418 apostolice
900 1362 1099 1406 firmitatis
1128 1377 1196 1407 ro-

221 1428 299 1468 bur
324 1423 537 1478 adjicimus
551 1431 573 1471 ‚'
591 1419 693 1464 salvi
715 1432 850 1465 tamen
878 1422 1085 1478 seinperin
1101 1435 1198 1477 prae-

222 1482 340 1525 rniffis
355 1482 596 1525 auctoritate
609 1493 835 1525 memorata
850 1481 1197 1539 congregationis

220 1541 500 1584 Cardinalium
516 1572 528 1582 .
552 1543 830 1583 Decernentes
856 1540 1014 1582 easdem
1032 1538 1198 1595 presen-

221 1612 281 1643 tes
298 1601 475 1644 Litteras
490 1597 623 1642 firmas
637 1628 651 1649 ,
670 1599 820 1642 validas
837 1627 851 1650 ,
864 1600 904 1642 δι
917 1597 1100 1642 efficaces
1114 1600 1195 1642 exi-

220 1659 322 1702 stere
336 1685 352 1707 ‚
381 1659 422 1700 δι
440 1658 529 1700 sore
544 1685 559 1710 ,
588 1657 755 1713 suosque
770 1658 978 1714 plenarios
992 1685 1009 1709 ‚
1036 1658 1077 1699 δι
1091 1658 1194 1700 inie-

219 1731 314 1775 gros
329 1716 488 1760 effeetus
500 1715 629 1760 sortiri
646 1745 661 1768 ‚
673 1717 713 1757 ὰ
725 1717 911 1759 obtinere
920 1742 935 1766 ,
964 1730 1011 1759 ac
1027 1715 1135 1768 illos,
1145 1717 1196 1759 ad

217 1790 322 1831 quos
341 1777 487 1831 specht
503 1805 517 1826 ‚
529 1776 570 1817 δι
583 1789 658 1830 pro
674 1785 856 1831 tempore
874 1774 1060 1830 speflabit
1074 1803 1091 1825 ,
1109 1774 1196 1831 ple·

219 1833 371 1876 niffime
399 1831 600 1887 suffragari
617 1848 632 1879 ι
666 1838 812 1889 sicque
833 1835 871 1875 in
903 1831 1099 1888 praemiffis
1128 1847 1196 1889 pet·

216 1890 489 1948 quoscumque
507 1891 664 1946 ludices
678 1894 907 1934 ordinarios
920 1917 936 1940 ‚
966 1892 1008 1933 δι
1030 1891 1195 1947 delega-

219 1963 282 1994 tos
294 1978 306 1997 2
321 1953 443 1995 etiam
458 1946 677 1991 Causarum
696 1948 836 1992 Palatii
866 1947 1090 2003 Apostolici
1110 1954 1196 1995 Au-

216 2009 370 2052 ditores
394 2006 564 2061 judicari
579 2036 592 2054 ,
606 2008 646 2049 δι
660 2006 818 2050 definiri
846 2007 1022 2059 debere,
1041 2020 1087 2048 ac
1104 2008 1192 2051 irri-

216 2080 318 2115 tum,
333 2069 373 2109 δι
387 2067 521 2117 inane,
541 2064 565 2106 fi
582 2064 688 2108 secus
703 2066 819 2119 super
839 2067 898 2110 his
923 2067 945 2109 i
961 2079 1196 2121 quoquam„

216 2128 355 2183 quavis
382 2126 624 2168 auctoritate
650 2124 822 2169 scienter
835 2153 851 2177 ,
882 2125 945 2168 vel
962 2127 1195 2180 ignoranter

219 2184 442 2240 contigerit
459 2185 675 2226 attentari.
701 2186 798 2226 Non
813 2185 1057 2227 obstantibus
1082 2187 1195 2226 Con-

216 2242 486 2288 stitutionibus
496 2268 512 2292 ‚
523 2242 564 2284 δι
576 2241 912 2284 ordinationibus
926 2239 1195 2297 Apostolicis,

215 2301 446 2357 caterisque
462 2300 678 2343 contrariis
699 2297 1018 2356 quibuscumque
1035 2328 1047 2340 .

338 2362 490 2402 Datum
507 2360 646 2402 Rome
662 2357 768 2413 apud
786 2361 967 2401 &andam
983 2357 1195 2401 Mariam-0

217 2419 415 2475 Maiorem
445 2415 516 2460 sub
531 2416 697 2460 Annulo
725 2415 937 2460 Piscator-is
955 2430 1000 2459 vt
1017 2430 1029 2459 r
1046 2429 1077 2458 t.
1098 2416 1192 2471 Maii

216 2489 493 2525 noceatur.
510 2473 699 2519 Pontific.
716 2476 853 2520 Noun
870 2479 995 2520 Anno
1013 2477 1190 2531 Quarto.

274 2594 449 2651 inrupi.
465 2592 627 2651 impres:
638 2592 682 2635 ia
699 2594 817 2638 Areb.
831 2594 1023 2639 Gener-dt
1034 2591 1195 2639 Ordlulr

332 2657 522 2699 Araiai-10
536 2651 739 2697 Milliones
752 2682 766 2695 .

214 2808 363 2828 -β

215 2923 448 2976 fidelibus
479 2922 696 2975 Ecclefias
723 2920 798 2974 seu
832 2922 1053 2976 oratoria
1081 2918 1192 2972 Mis·

282 2994 582 3045 fionariorurn
603 2991 873 3045 Miffionum
905 3009 1006 3045 tum
1024 3008 1194 3043 extera·

286 3082 391 3116 rum
412 3080 543 3123 ‚turn
574 3065 692 3115 intra
714 3067 973 3115 Provincias
1007 3061 1191 3115 existen-

288 3139 406 3187 tium
424 3139 468 3185 in
492 3132 609 3186 sestis
625 3135 836 3200 expreffis
853 3133 1190 3193 accedentibus,

285 3206 563 3258 Mulieribus
590 3205 703 3257 vero
723 3240 739 3265 ‚
792 3206 922 3258 uibus
938 3212 995 3256 ad
1011 3222 1087 3255 eaa
1120 3206 1191 3255 vel

284 3294 335 3327 ea
356 3294 446 3327 non
479 3291 605 3345 patet
634 3225 828 3328 acceia„
845 3314 859 3335 .
879 3278 1013 3327 aliam
1044 3278 1193 3327 Eccle-

286 3347 396 3398 fiam
415 3350 439 3398 ὲ
461 3345 687 3400 Praefectis
705 3346 778 3398 seu
803 3346 1079 3401 custodibus
1108 3349 1191 3397 itt-a

285 3421 489 3487 partibus
519 3418 772 3470 infidelium
806 3418 1100 3491 designandas
1130 3418 1192 3466 vi·

284 3489 517 3543 litantibus
554 3492 883 3561 indulgentiam
905 3492 1191 3558 plenariam...

281 3580 389 3613 cum
415 3570 600 3633 optione
614 3580 716 3613 eam
732 3559 955 3612 defunstis
969 3561 1190 3630 applican-

284 3634 328 3681 di
350 3638 392 3684 in
421 3651 693 3704 perpetuum
717 3631 983 3701 largitum&
1000 3631 1190 3682 eandem

285 3704 576 3777 indulgentie
615 3709 813 3776 gratiam
845 3704 902 3754 ad
939 3700 1056 3771 ipsos
1088 3718 1192 3772 par·

285 3774 401 3824 tium
447 3777 711 3829 infidelium
750 3774 1057 3827 Miffionatiot
1089 3771 1189 3844 post

922 162 1459 253 monumenta

1332 325 1492 357 eorum
1523 309 1570 356 in
1603 305 1717 354 locis
1748 299 2019 351 Miffionum
2066 300 2235 352 adven-

1330 395 1429 429 tum
1445 413 1462 436 ,
1477 375 1593 427 acin
1613 376 1774 425 mortis
1790 375 1985 422 articulo
2002 376 2205 424 extendit
2220 408 2234 423 .

1256 544 1783 598 BENEDICTUS
1821 544 2026 591 PAPA
2064 546 2234 594 XIV.

1417 664 1719 720 Adpcrpetuarn
1734 665 1796 704 rer·
1807 673 2033 703 memoriam
2047 688 2060 701 .

1373 780 1575 824 OElestium
1593 794 1803 823 munerum
1821 780 2041 826 thesauros,
2055 792 2234 835 quorum

1391 838 1723 895 dispensationem
1753 837 1848 881 fidei
1887 837 2026 880 nostrae
2053 838 2234 880 credidit

1259 900 1406 940 Divina
1426 898 1640 953 Dignatio,
1659 897 1834 940 libenter
1860 909 2073 952 erogamus
2094 923 2109 947 ,
2137 910 2233 939 cum

1258 958 1309 998 ad
1324 957 1545 1011 augendam
1571 956 1611 998 in
1635 958 1754 998 terris
1768 957 2001 997 Sane'torum
2033 954 2071 996 in
2097 955 2233 998 Coelis

1258 1027 1351 1056 cum
1365 1013 1530 1056 Christo
1552 1015 1804 1070 regnantium
1821 1039 1836 1062 ‚
1850 1012 2148 1070 fovendamque
2162 1042 2175 1064 ‚
2195 1015 2236 1056 δι

1258 1071 1510 1116 excitandam
1528 1084 1624 1126 erga
1641 1072 1731 1113 illos
1747 1071 1945 1115 fidelium
1966 1073 2234 1114 devotionem

1257 1130 1463 1173 salubriter
1475 1129 1665 1185 expedire
1693 1130 1730 1171 in
1753 1132 1931 1173 Domino
1956 1131 2200 1172 arbitramur
2221 1157 2234 1174 .

1257 1188 1629 1246 supplicationibus
1644 1188 1778 1243 itaque
1791 1189 1926 1231 dilecti
1941 1186 2031 1230 filii
2049 1186 2234 1229 Ludovi-

1257 1249 1296 1291 ci
1321 1250 1346 1294 a
1374 1248 1551 1290 Taurino
1582 1247 1869 1290 Procuratoris
1901 1259 1945 1288 ae
1961 1243 2238 1287 Commiffarii

1258 1306 1473 1350 Generalis
1490 1305 1653 1350 Ordinis
1681 1307 1863 1348 Fratrum
1877 1303 2084 1347 Minorum
2097 1303 2230 1346 Sancti

1260 1363 1458 1413 Francisci
1473 1365 1772 1420 Capucinorum
1797 1375 2124 1418 nuncupatorum
2159 1375 2237 1404 no·

1258 1428 1367 1469 mine
1400 1424 1530 1467 Nobis
1557 1422 1675 1478 super
1705 1423 1781 1466 hoe
1809 1421 2014 1465 humiliter
2041 1421 2235 1476 porrectis

1258 1482 1458 1531 inclinati,
1469 1497 1516 1526 ac
1530 1482 1581 1526 de
1593 1482 1901 1539 omnipotentis
1917 1481 1992 1523 Dei
2009 1480 2238 1524 misericor-

1258 1545 1326 1589 dia
1339 1569 1353 1592 ,
1367 1552 1490 1599 atque
1505 1542 1580 1584 BB.
1599 1541 1739 1592 Petri,
1766 1542 1804 1584 δι
1822 1539 1932 1582 Pauli
1946 1538 2236 1595 Apostolorum

1255 1603 1382 1706 52:13?
1386 1597 1849 1704 ‘ffi‘zziffiefi‘ssziszzrz’
1851 1596 2235 1713 ‘ssfflssissn‘lissss‘sssq‘ffi

2161 1685 2177 1707 ⁵

1256 1719 1467 1770 conscilia,
1490 1732 1537 1762 ae
1566 1721 1688 1762 Sacra
1713 1719 2015 1760 Communinne
2041 1714 2199 1759 refectus
2217 1743 2238 1770 ,

1256 1783 1325 1838 qui
1338 1779 1512 1836 aliquam
1526 1791 1575 1819 cx
1592 1775 1780 1820 Eccleliis
1799 1773 1889 1828 ‚stu
1905 1777 2109 1820 Oratoriis
2133 1774 2235 1819 Mis-

1256 1841 1519 1884 sionariorum
1541 1836 1636 1879 dieti
1678 1834 1842 1879 Ordinis
1862 1834 2014 1892 ubique
2056 1832 2233 1880 existen-

1258 1899 1360 1943 tium
1378 1908 1467 1942 tum
1491 1905 1724 1939 exterarum
1739 1922 1754 1945 ,
1781 1904 1878 1938 tum·
1891 1893 2204 1937 domesticarum
2216 1919 2236 1945 ,

1256 1958 1296 1999 δι
1320 1951 1874 1999 ProvincialiumMiffionum
1885 1952 2117 2004 stabilium3
2143 1954 2240 1994 Mu-

1257 2015 1422 2058 lieribus
1446 2012 1569 2060 vero,
1590 2012 1735 2065 quibus
1755 2010 1807 2053 ad
1823 2009 1914 2053 illas
1931 2011 1995 2054 stu
2023 2008 2094 2052 illa
2129 2006 2235 2054 libet·

1255 2087 1335 2117 non
1351 2082 1463 2130 patet
1478 2067 1650 2114 accessus
1663 2067 1728 2114 seu
1757 2066 1948 2126 ingressus
1961 2098 1976 2123 ‚
2001 2081 2088 2128 quit
2109 2067 2236 2112 aliam

1257 2132 1482 2178 Eccleliam
1495 2157 1511 2181 ‚
1521 2129 1585 2174 seu
1602 2128 1842 2176 oratorium
1857 2129 2168 2174 catholicorum
2182 2127 2226 2170 in

1257 2191 1441 2248 partibus
1457 2187 1688 2231 tnfidetium
1700 2190 1722 2234 a
1744 2187 1988 2233 custodibus
2004 2187 2065 2231 seu
2083 2182 2228 2231 Proefe-

1255 2249 1327 2292 ais
1345 2246 1572 2292 Miffiouum
1598 2246 1914 2302 designandam,
1939 2245 2004 2287 seu
2026 2245 2250 2301 designata-²

1254 2308 1352 2351 dum
1366 2307 1407 2350 in
1422 2303 1717 2359 Conceptionis
1744 2305 1875 2345 Beato
1897 2303 2036 2346 Marioe
2050 2303 2234 2359 Virginis

1255 2363 1529 2409 immaculate
1547 2388 1563 2413 ‚
1588 2359 1855 2419 Impreffionis
1880 2361 2095 2405 Sacrorum
2123 2362 2234 2419 stig·

1257 2436 1495 2473 matum2ac
1512 2422 1748 2467 sanctorum
1777 2417 1974 2463 Francisci
1998 2414 2229 2471 Affifiensss,

1256 2483 1424 2530 Antonii
1443 2482 1495 2525 de
1512 2477 1646 2523 Padua
1659 2505 1675 2530 ,
1689 2479 1975 2521 Bonaventurae
1989 2506 2004 2529 ,
2021 2477 2226 2523 Ludoviai

1258 2542 1473 2598 Episcopi,
1504 2538 1687 2583 felicis!
1705 2537 1962 2589 Cantalieio,
1988 2537 2103 2587 Petri
2131 2536 2226 2583 dg,

1256 2602 1475 2646 Alcantara
1491 2626 1506 2651 ‚
1533 2596 1768 2641 bernardini
1793 2595 1974 2639 Senensis
1989 2620 2004 2644 2
2026 2594 2188 2651 Joannis
2204 2595 2232 2640 a

1255 2660 1514 2716 capillatio,
1529 2653 1726 2701 paschalis
1739 2654 1911 2710 Baylon,
1926 2653 2068 2710 jacobi
2085 2655 2105 2696 a
2121 2657 2230 2697 Mar·

1254 2734 1303 2763 ea
1318 2747 1333 2771 ,
1350 2714 1548 2762 Francisei
1562 2713 1701 2759 solani
1715 2741 1730 2766 ,
1761 2713 1910 2757 Fidelis
1928 2716 1950 2757 a
1963 2713 2231 2771 Sigmaringa,

1256 2793 1302 2823 ac
1330 2776 1483 2833 iosaphi
1511 2773 1532 2817 a
1565 2769 1775 2822 Leoniffa‚
1806 2767 1961 2816 necnoti
1997 2772 2232 2816 sanctarum

1256 2838 1392 2882 Clare
1407 2831 1613 2880 attinentis
1625 2860 1642 2886 ,
1660 2827 1772 2874 Rosae
1791 2828 2054 2876 viterbiensis
2069 2832 2133 2883 ,δι
2148 2833 2231 2874 Ca·

1254 2897 1413 2940 tharinoe
1429 2896 1448 2936 i
1467 2892 1646 2937 Bononia
1671 2887 1775 2934 festis
1789 2916 1802 2940 ,
1826 2903 1874 2934 ac
1898 2889 2071 2934 secunda
2090 2895 2231 2945 Augu·

1256 2955 1300 2999 lli
1313 2981 1328 3005 ‚
1342 2955 1382 2998 dt
1395 2952 1636 2996 duodecima
1650 2949 1840 2992 Octobris
1853 2947 2068 3007 respective
2082 2947 2226 2993 diebus

1253 3017 1278 3060 a
1304 3012 1438 3070 primis
1465 3010 1647 3066 vesperis
1669 3005 1792 3066 usque
1818 3007 1868 3051 ad
1895 3005 2084 3052 oceasum
2121 3005 2230 3052 Solia

1253 3073 1412 3118 dierum
1431 3067 1651 3126 hujusmodi
1679 3066 1838 3124 lingulis
1860 3067 1973 3112 annis
1985 3063 2137 3110 devote
2168 3064 2226 3109 vi·

1255 3131 1487 3182 litaverint,
1498 3130 1539 3174 8ι
1550 3127 1604 3172 ibi
1622 3140 1698 3186 pro
1721 3125 2044 3172 Christianorum
2068 3122 2231 3168 Princi-

1254 3206 1346 3249 pum
1360 3190 1579 3234 cnncordia
1592 3214 1608 3242 ,
1626 3186 1814 3231 heresum
1845 3185 2119 3241 extirpatione
2135 3209 2151 3235 ‚
2180 3194 2228 3225 ae

1254 3253 1401 3295 saneta
1418 3247 1559 3293 Matris
1583 3244 1769 3290 Ecclelia:
1793 3242 2038 3289 exaltatione
2068 3242 2151 3297 pias
2178 3237 2232 3283 ad

1255 3313 1387 3354 Deum
1411 3321 1552 3364 preces
1566 3302 1781 3349 effuderint
1795 3332 1809 3356 ,
1840 3301 2004 3360 quodie
2017 3313 2067 3345 ea
2083 3297 2228 3357 prndi-

1251 3372 1324 3412 αἱ,
1339 3369 1378 3411 id
1395 3367 1579 3423 egerint,
1594 3363 1815 3420 plenariam
1837 3361 2016 3406 omnium
2033 3367 2226 3414 peccato-

1254 3443 1343 3471 rum
1374 3428 1531 3471 suorum
1563 3421 1860 3478 Indulgentiam
1875 3420 1916 3463 dt
1931 3415 2197 3462 remillionem
2210 3443 2227 3469 ,

1253 3501 1367 3544 quam
1393 3488 1514 3528 ctiam
1546 3479 1879 3526 Chrissifidelium
1895 3474 2220 3521 defunctorum-2

1252 3546 1459 3588 animabus
1476 3572 1489 3596 ‚
1503 3557 1589 3601 quae
1609 3541 1695 3584 Deo
1719 3542 1758 3584 in
1785 3537 1983 3583 charitate
2004 3534 2227 3593 conjune'i·

1251 3607 1299 3648 ab
1318 3606 1390 3648 hac
1405 3605 1494 3646 luce
1509 3600 1799 3659 migraverint,
1829 3610 1899 3654 per
1913 3594 2077 3637 modum
2095 3592 2233 3636 suffra·

1251 3667 1303 3722 gii
1320 3663 1522 3721 applicare
1539 3659 1683 3717 pollint
1699 3686 1714 3710 ‚
1739 3653 2054 3700 misericorditer
2079 3654 2119 3696 in
2142 3655 2233 3694 Do-

1251 3727 1360 3766 mino
1376 3721 1635 3767 concedimus
1655 3745 1667 3758 .
1691 3720 1752 3759 An
1771 3716 1928 3771 insuper
1949 3712 2097 3757 eiiilcm
2129 3709 2225 3754 Mis-

1250 3783 1425 3827 [ionariis
1442 3795 1517 3839 pro
1534 3790 1717 3834 tempore
1738 3776 1777 3818 in
1796 3776 1974 3832 partibus
1992 3769 2223 3870 liifidjliium
