2496 4172
318 147 489 260 380

255 290 552 348 ‘cognoscerent
575 317 592 343 ,
616 290 687 335 nifi
717 287 832 347 juxta
861 289 1032 335 modum
1064 288 1246 346 superins

1019 140 1562 235 monumenta

1308 291 1393 341 tia,
1420 291 1461 332 ἀ
1486 287 1690 331 fusione
1718 287 1910 333 evenisnt
1937 287 2185 333 detrimenta
2216 320 2233 343 ,
2265 292 2304 333 &

253 348 539 406 expreffuma
550 350 661 394 disto
670 350 922 395 Definitorio
931 351 1124 396 Generali
1134 352 1243 407 prius
1306 351 1450 391 damna
1463 375 1480 398 ,
1505 346 1624 404 ipsius
1649 348 1850 391 Ludovici
1886 351 2169 394 Procuratorts
2199 378 2214 402 ,
2260 350 2300 392 &

252 409 420 467 igitatt
434 440 451 465 ‚
470 411 512 453 δι
534 409 710 454 definite
731 409 885 455 fixerint
898 440 913 464 ,
939 410 1008 454 sub
1023 423 1142 466 poena
1158 409 1242 452 nul.
1303 404 1572 452 commissarii
1588 407 1661 463 piis
1676 407 1885 462 postulatis
1898 408 1972 450 hac
1986 409 2026 450 in
2041 410 2301 466 re,quantitm

252 471 384 515 litatis
398 474 578 514 aetorum
590 499 607 523 ‚
632 470 671 512 81
685 469 822 527 quoad
851 470 1083 527 Religiosos
1098 482 1240 512 recur-
1301 482 1393 510 curn
1411 467 1592 510 Domino
1606 465 1807 523 pofl’umus
1819 494 1836 521 ,
1852 465 2133 510 favorabiliter
2149 482 2301 511 annue-

253 539 412 583 ποίεε,
426 533 490 574 seu
504 529 853 586 appellantes,qui
864 528 1067 586 praemiffis
1082 540 1248 571 contra·

252 589 460 639 venerint,
473 586 544 632 sub
557 589 751 645 gravibus
765 589 839 639 sui,
858 591 899 631 ἀ
915 589 1090 633 Romani
1107 588 1248 630 Ponti·

251 647 342 692 ficis
355 662 431 704 pro
445 658 630 703 tempore
644 646 852 691 existentis
880 647 1053 690 arbitrio
1067 647 1245 703 infligen-

252 707 319 750 dis
331 706 725 763 poenis‚auaoritate
739 706 972 762 Apostolica
985 704 1132 748 itidem
1146 720 1243 760 pro-

251 766 388 809 hibuit
401 794 418 816 ,
429 765 472 806 dt
482 764 582 806 aliis
593 795 610 817 ,
628 775 751 821 prout
770 765 812 807 in
826 762 1003 820 ipsorum
1018 763 1247 807 Praedeces-

251 825 390 867 sorum
402 821 634 865 nostrorum
662 822 784 865 trinis
802 822 949 866 litteris
962 852 977 874 ,
994 835 1166 879 quarum
1181 832 1238 865 te.

253 895 375 925 nores
387 879 648 935 praesentibus
669 894 747 934 pro
760 879 954 936 cxpreffis
970 881 1104 932 baberi
1128 881 1243 923 volu-

253 952 346 983 mus
357 964 372 987 ,
386 937 553 981 uberius
566 937 810 980 continetur
823 966 836 980 .
848 939 957 981 Cum
972 948 1127 988 autem,
1142 937 1244 980 ficut

251 997 399 1041 eadem
414 994 613 1052 expolitio
625 994 893 1053 subjungebat
915 995 1045 1038 dietus
1064 995 1248 1039 Ludovi·

249 1070 324 1102 cus
340 1055 592 1098 Procurator
607 1081 623 1106 ,
639 1054 681 1097 δι
694 1053 1002 1099 Commiffarius
1017 1081 1032 1103 ,
1053 1055 1074 1112 (
1092 1064 1137 1097 ut
1153 1051 1247 1098 affe·

251 1112 344 1172 rit)
369 1112 568 1171 premissis
595 1125 680 1156 non
709 1113 959 1159 obstantibus
988 1122 1251 1170 compertum

250 1173 378 1218 habet
390 1200 407 1225 ,
417 1174 527 1229 quod
540 1173 728 1218 nonnulli
745 1174 838 1218 diesi
854 1172 911 1217 sui
923 1173 1089 1218 Ordinis
1106 1172 1251 1217 Alum-

249 1234 295 1279 ni
324 1242 414 1276 tum
455 1229 618 1277 favores
644 1233 917 1278 Personarum
957 1243 1072 1278 extra
1102 1232 1249 1290 prndi-

250 1295 359 1336 &um
373 1291 576 1336 Ordinem
604 1294 923 1339 constitutarum
949 1307 1028 1350 pro
1057 1293 1247 1336 obtinen-

252 1352 319 1396 dis
331 1351 472 1408 gratiis
488 1379 504 1404 ,
519 1349 729 1409 poenisque
742 1349 944 1410 fugiendis
961 1351 1031 1395 sibi
1050 1365 1249 1408 procura-

250 1425 299 1457 te
313 1410 423 1464 ,tritu
436 1423 518 1454 non
533 1411 691 1455 servata
708 1411 838 1455 sorma
853 1425 929 1470 pro
942 1411 1166 1456 recursibus
1179 1441 1195 1465 ,
1205 1412 1247 1454 δι

250 1469 570 1574 ssimi?
570 1480 700 1573 2:123
708 1470 1173 1576 3:2522‘5055553?
1165 1482 1248 1574 521:

249 1587 442 1633 desinunt
454 1617 472 1643 ,
500 1599 587 1632 turn
599 1590 727 1634 etiam
743 1591 812 1634 alii
828 1587 941 1634 nulli
957 1590 1095 1633 habita
1118 1588 1250 1634 consi·

250 1648 471 1692 deratione
482 1647 731 1694 obedientia
746 1678 761 1703 ,
784 1651 823 1693 δι
844 1649 1128 1706 dependentioe
1151 1661 1248 1704 erga

249 1705 345 1752 suos
372 1707 608 1764 Superiores
622 1734 639 1759 ‚
665 1709 881 1767 prasertim
911 1708 1115 1753 Ministros
1146 1710 1247 1751 Pro-

249 1766 470 1812 vincialem
485 1795 501 1819 ,
513 1768 555 1811 δι
568 1766 810 1812 Generalem
821 1767 971 1812 debit:
983 1796 1000 1818 ,
1013 1767 1103 1823 ipsis
1116 1767 1245 1810 insciis

249 1840 372 1870 omne
386 1826 558 1868 fludium
575 1828 614 1869 in
627 1825 879 1882 assequendis
901 1835 1019 1868 extra
1034 1827 1244 1882 propriam

246 1885 510 1931 Provinciam
527 1884 699 1941 Pulpitis
709 1886 903 1929 adbibere
917 1894 1145 1938 conantur,
1157 1885 1245 1941 qui·

246 1946 324 1988 bus
339 1943 521 1986 obtentis
535 1943 811 1987 obedientiam
836 1957 913 2000 pro
925 1945 1077 1988 itinere
1092 1942 1244 1988 facien·

243 2001 304 2044 do
321 2000 391 2043 sibi
405 2001 709 2046 concedendam
719 2004 796 2047 effe
808 2003 1078 2061 pretendunt,
1090 2001 1242 2047 etiamsi

244 2060 413 2117 Pulpita
430 2073 573 2104 eorum
587 2063 735 2120 ingenii
752 2059 991 2108 facultatem
1007 2063 1209 2107 excedant
1224 2092 1242 2116 ,

245 2118 315 2164 vel
346 2117 555 2164 multoties
583 2121 745 2178 Pulpita
773 2122 988 2179 conspicua
1016 2137 1098 2165 non
1126 2122 1202 2167 sint
1224 2150 1241 2175 ,

244 2178 517 2237 quamobrem
542 2190 685 2226 eontra
712 2179 1015 2235 dispositionem
1041 2182 1241 2225 dictarum

244 2241 477 2286 Literarum
488 2238 722 2283 Clementis
734 2241 811 2285 lx·
828 2240 1129 2286 Prudecefforis
1146 2254 1241 2297 prae-

244 2299 345 2342 dicti
360 2298 516 2343 temere
530 2299 755 2355 procedunt
770 2327 786 2352 ,
811 2300 855 2343 dt
869 2313 952 2343 non
968 2300 1048 2344 sine
1063 2312 1238 2356 magna...

249 2357 517 2414 divagatione
540 2356 726 2416 spiritus,
751 2358 866 2415 gravi
897 2356 1201 2403 Benefaetornm
1223 2385 1239 2410 ,

244 2418 623 2475 Conventuumque
650 2416 918 2462 incommodo
939 2417 1145 2462 inutiliter
1167 2416 1238 2460 iti·

245 2484 389 2520 nerant
403 2502 420 2525 ‚
445 2474 615 2533 quando
634 2476 688 2521 de
716 2476 888 2533 Pulpitis
918 2474 1091 2534 prefatis
1111 2476 1236 2521 Mini-

244 2533 315 2578 siri
343 2534 616 2578 provinciales
641 2534 885 2579 sufficienter
906 2535 1131 2592 providere
1155 2533 1241 2591 pos·

245 2593 339 2636 sunt
355 2618 370 2640 2
398 2592 552 2649 illaque
562 2592 827 2643 distribuere,
851 2593 890 2634 δι
900 2592 1089 2650 atlignare
1100 2593 1242 2638 valent

245 2650 404 2696 suarum
436 2650 655 2706 respective
685 2651 991 2698 Provinciarum
1003 2654 1239 2698 Coneiona·

246 2713 435 2765 toribus;
469 2726 541 2755 nec
560 2710 821 2756 necessarium
834 2711 969 2756 existit
982 2739 998 2765 ,
1027 2720 1073 2757 ut
1099 2724 1240 2756 omnes

247 2773 580 2816 Concionatorea
606 2771 703 2815 dieu
715 2770 883 2815 Ordinis
910 2772 1211 2816 concionentur
1225 2798 1240 2823 ,

246 2828 1240 2947 ritimis223223223123323532235:215:

248 2947 404 3005 'elim
421 2948 613 3005 regularis
626 2950 887 2994 observantia
917 2951 976 2995 ob
1001 2948 1238 2996 desectum..

251 3005 554 3062 Religiosorum
571 3008 907 3053 inconventibus
938 3024 1020 3054 non
1051 3009 1143 3054 leve
1166 3007 1240 3052 de·

250 3067 491 3110 trimentutn
510 3068 690 3122 patiatur
709 3096 723 3110 .
756 3067 811 3111 Ut
834 3066 1023 3125 quelibet
1052 3070 1116 3113 via
1138 3081 1239 3126 prn-

247 3123 438 3168 cludatur
451 3124 681 3179 ambitioni,
695 3127 736 3170 ds
750 3126 886 3171 debita
899 3126 1119 3187 respeetive
1134 3128 1237 3173 Sub-

248 3184 428 3228 ditorunt
441 3196 539 3242 erga
554 3184 791 3239 Superiores
803 3186 1054 3240 obedientia,
1072 3187 1234 3233 exacta-

248 3257 330 3347 32⁶
355 3244 553 3301 regularis
578 3243 797 3302 discipline
820 3246 1076 3292 observantia
1097 3247 1138 3290 in
1162 3258 1234 3289 eo·

306 3317 343 3346 m
355 3304 514 3348 Ordine
522 3302 813 3348 conserventur
826 3332 842 3357 ,
865 3306 906 3350 dt
927 3304 1049 3351 sicubi
1067 3303 1235 3351 excide-

248 3364 332 3407 rint
347 3390 362 3413 ,
378 3363 659 3416 restituantur,
682 3375 957 3421 opportunum
979 3363 1233 3422 gliscentibus

248 3422 434 3475 malin&
445 3421 624 3468 abusibus
640 3421 866 3482 hujusmodl
880 3425 1102 3468 remedium
1117 3422 1233 3467 adbi-

250 3483 334 3525 beri
351 3513 364 3534 ‚
382 3484 422 3525 δι
433 3482 531 3525 alias
546 3484 584 3526 in
598 3481 794 3540 permistis
808 3481 1022 3528 salubriter
1037 3484 1059 3527 t
1077 3482 1205 3527 Nobis
1218 3510 1234 3537 ,

253 3551 298 3584 ut
328 3540 429 3584 insta
445 3571 460 3594 ,
475 3542 711 3600 provideri,
744 3544 783 3586 sa
798 3544 866 3587 sibi
890 3542 1092 3601 indulgeri
1104 3541 1231 3600 pluri-

249 3601 358 3642 mum
375 3601 579 3646 desideret
593 3629 607 3651 ‚
623 3605 728 3656 Nos,
741 3603 810 3657 qui
826 3602 986 3647 aliunde
1010 3618 1059 3647 ea
1076 3601 1231 3646 diutina

253 3672 385 3701 retum
403 3662 652 3716 experientia
669 3661 796 3720 probe
813 3664 999 3706 novimus
1011 3692 1025 3716 ,
1039 3673 1138 3721 quot
1154 3691 1169 3715 ,
1192 3662 1233 3705 ds

251 3729 397 3771 quanta
425 3721 673 3774 regularibus
690 3721 916 3766 Ordinibus
950 3735 1000 3765 ea
1029 3721 1235 3781 predi-ssa-

253 3788 343 3817 runn
360 3801 376 3827 ,
393 3777 434 3820 Gt
451 3780 635 3824 (inultum
652 3781 956 3826 ordinationum
972 3780 1234 3827 inobservan-

1310 540 1356 569 re
1372 526 1556 570 volentes
1568 556 1584 578 ,
1613 541 1792 584 eumque
1813 527 1835 569 εὶ
1849 526 2050 583 quibusvis
2067 539 2302 569 excommu-

1306 586 1545 633 nicationis,
1575 585 2162 642 suspenfionis,&intcrdi61i,
2195 583 2300 625 aliis-

1306 660 1384 703 que
1413 643 1701 689 Ecclefiasticis
1726 645 1961 695 sententiis,
1997 642 2172 687 censuris
2201 669 2216 692 ,
2258 643 2298 684 &

1304 705 1438 760 poenis
1452 707 1475 750 a
1491 704 1583 760 jure
1597 730 1610 752 ‚
1635 705 1701 748 vel
1716 707 1765 748 ab
1779 706 1946 748 homine
1959 703 2101 761 quavis
2115 701 2296 745 occasio-

1306 776 1361 805 ne
1375 788 1390 811 s
1409 764 1474 805 vel
1492 762 1714 807 caumatis
1729 793 1743 816 ,
1770 764 1795 807 si
1825 765 1971 821 quibus
1988 758 2298 820 quomodolibet

1309 821 1526 863 innodatus
1541 822 1674 864 existit
1691 851 1705 874 ,
1733 824 1785 866 ad
1814 824 1996 868 effe-stum
2013 821 2302 878 praesentium„

1307 876 1461 920 tantum
1474 877 1719 935 consequen.
1736 882 1877 924 harum
1894 883 1994 927 serie
2011 882 2270 925 absolventes
2285 906 2300 929 ,

1304 936 1346 977 δι
1361 936 1592 980 absolutum
1622 937 1713 982 fore
1727 939 1935 985 censentes
1949 968 1963 991 ,
1992 939 2302 997 supplicationi-

1310 995 1385 1037 bus
1412 993 1500 1049 eius
1517 997 1683 1039 nomine
1702 998 1831 1043 Nobis
1855 1002 1967 1056 super
1990 1000 2069 1042 hoc
2087 999 2302 1042 humiliter

1309 1054 1509 1110 porressis
1540 1055 1724 1098 inclinati
1751 1082 1766 1105 ,
1810 1070 2053 1104 memoratas
2100 1059 2301 1104 Clemen-

1312 1112 1365 1155 tis
1379 1113 1485 1165 1X.‚
1514 1113 1746 1158 Clementis
1761 1117 1813 1160 Χ.
1841 1144 1856 1168 ,
1880 1120 1922 1161 δι
1943 1119 2173 1163 Clementis
2199 1119 2298 1160 ΧΠ.

1311 1172 1648 1218 Praedeceslorum
1662 1174 1906 1220 Nostrorum
1930 1175 2071 1219 literas
2095 1191 2191 1220 cum
2210 1188 2301 1218 om-

1309 1232 1443 1282 nibus,
1458 1234 1499 1276 δι
1516 1233 1676 1290 singulis
1691 1233 1729 1275 in
1749 1233 1829 1278 illis
1841 1234 2065 1289 contentis,
2080 1234 2302 1279 auetorita-

1309 1301 1352 1336 te
1370 1293 1633 1350 Apostolica,
1647 1305 1789 1336 tenore
1803 1293 2055 1351 praesentium
2085 1294 2303 1338 confirma·

1308 1365 1413 1405 mus,
1425 1355 1464 1396 δι
1477 1353 1746 1409 approbamus
1755 1368 1837 1406 „ac
1852 1355 2108 1408 innovamus,
2124 1356 2178 1402 &‚
2192 1366 2297 1409 qua-

1306 1420 1422 1455 tenus
1435 1426 1539 1469 opus
1552 1413 1616 1466 sit,
1628 1414 1818 1458 omnibus
1829 1443 1845 1467 ,
1869 1415 1910 1458 δι
1925 1412 2087 1470 singulis
2100 1414 2196 1457 dieti
2209 1414 2295 1456 Or-

1307 1470 1410 1515 dinis
1427 1470 1745 1523 Profefforibus,
1773 1487 1882 1518 nunc
1895 1504 1912 1526 ,
1942 1475 1982 1517 δι
2009 1487 2084 1529 pro
2109 1482 2294 1529 tempore

1309 1532 1650 1590 quandocumque
1663 1532 1946 1586 existentibus,
1959 1547 2010 1576 ne
2023 1533 2112 1589 ipsis
2123 1533 2190 1576 sub
2201 1545 2300 1588 quo·-

1311 1591 1369 1634 vis
1386 1602 1579 1647 praetextu
1595 1620 1612 1645 ‚
1634 1591 1748 1635 causa
1764 1622 1779 1646 ‚
1808 1594 1964 1637 ratione
1977 1623 1993 1644 ,
2022 1593 2062 1635 δι
2088 1593 2300 1636 occasione

1309 1651 1358 1693 ad
1374 1650 1651 1708 quoscumque
1676 1651 1844 1696 alterius
1859 1651 2023 1695 Ordinis
2042 1654 2199 1695 Fratres
2215 1679 2230 1704 ,
2259 1651 2300 1694 8(

1307 1710 1548 1765 Superiores
1576 1740 1591 1764 ,
1615 1710 1677 1751 vel
1704 1722 1818 1754 extra
1842 1713 1992 1755 dietum
2014 1709 2219 1753 Ordinem
2245 1710 2297 1754 ad

1306 1768 1578 1826 quascumque
1593 1781 1676 1813 tam
1689 1770 1932 1823 seculares,
1961 1771 2083 1826 quim
2102 1770 2295 1824 Ecclesia·

1304 1829 1420 1872 flicas
1435 1826 1623 1882 personas
1639 1857 1654 1878 ,
1667 1830 1789 1872 etiam
1803 1827 2092 1873 cardinalatus
2109 1829 2267 1872 honore
2281 1856 2296 1881 ,

1304 1901 1351 1988 ¹ae
1370 1898 1653 1988 qgaeumque&
1653 1885 1730 1930 alia
1746 1885 2026 1956 Ecclesiasiica
2040 1915 2057 1938 ,
2087 1887 2152 1929 vel
2178 1886 2297 1932 sareu-

1321 1958 1379 1989 art
1423 1958 1433 1985 t
1468 1955 1550 1987 nita
1573 1958 1595 1988 e
1705 1955 2048 1989 raeemtnentta—
2069 1968 2130 1981 --
2151 1970 2212 1982 —-
2236 1969 2297 1984 --

1302 1957 1568 2061 fulgeniesne
1580 1959 1703 2048 e'tiarii
1718 2002 2080 2062 SedisApostolicae
2095 2005 2293 2059 Nuntios,

1301 2066 1343 2108 δι
1355 2064 1469 2107 dietat
1484 2062 1599 2108 Sedis
1615 2065 1793 2122 Legatos
1813 2094 1829 2119 ,
1860 2065 1924 2110 seu
1942 2063 2202 2120 vicelegatos
2215 2078 2293 2122 pro

1301 2122 1528 2168 obtinenda
1561 2121 1697 2182 aliqua
1733 2126 1839 2168 intra
1872 2123 2024 2167 diuum
2055 2123 2291 2169 Ordinema

1299 2186 1457 2243 gratia,
1484 2183 1642 2240 gradu,
1666 2182 1900 2242 dignitate,
1932 2183 1997 2227 vel
2024 2180 2190 2238 officio,
2218 2192 2289 2226 aut

1300 2242 1654 2288 administratione
1676 2272 1693 2296 ,
1738 2245 1780 2288 ἃ
1815 2244 1907 2286 aliis
1950 2241 2140 2287 similibus
2166 2270 2182 2295 ,
2226 2240 2292 2286 vel

1300 2317 1375 2361 pro
1406 2303 1571 2347 vitanda
1594 2329 1610 2355 ,
1655 2301 1878 2360 presertim
1910 2299 2046 2355 quoad
2076 2303 2110 2345 A
2171 2302 2288 2345 statas

1297 2362 1356 2405 ob
1383 2374 1526 2404 eorum
1551 2371 1712 2416 patrata
1735 2360 1935 2407 crimina,
1961 2360 2003 2401 Gt
2028 2371 2105 2413 apo
2139 2358 2257 2404 aliam
2274 2384 2291 2409 ,

1297 2418 1419 2478 poenl
1446 2419 1534 2463 ullo
1563 2418 1688 2462 modo
1719 2424 1957 2464 recurrant,
1994 2415 2063 2459 sub
2095 2418 2232 2475 poenis
2262 2417 2287 2460 ἆ

1300 2479 1412 2522 dieto
1438 2477 1655 2522 Clemente
1686 2478 1738 2521 Χ.
1783 2475 2071 2535 predecessore
2110 2475 2289 2533 prescri-

1303 2538 1412 2594 ptis,
1443 2535 1717 2592 affignatisque
1742 2564 1754 2578 .
1788 2536 1956 2591 Insuper
1990 2535 2079 2591 ipsis
2102 2534 2284 2593 ejusdcm

1301 2594 1470 2639 Ordinis
1497 2595 1732 2645 Fratribus,
1758 2607 1807 2638 ne
1828 2607 1901 2651 per
1926 2590 2104 2649 seipsos,
2133 2604 2202 2637 aut
2218 2609 2288 2666 per

1301 2656 1408 2699 inter
1470 2651 1561 2696 sitas
1592 2657 1781 2711 personas
1823 2651 2099 2710 cujuscumque
2134 2651 2257 2698 status
2271 2680 2285 2704 ,

1300 2713 1399 2771 grad
1433 2727 1450 2756 s
1466 2741 1478 2765 ,
1498 2713 1742 2757 conditionis
1760 2738 1774 2763 ,
1786 2713 1824 2755 δι
1838 2710 2046 2769 qualitatis
2061 2741 2075 2765 ,
2098 2726 2145 2756 ac
2157 2713 2291 2771 digni·

1301 2773 1392 2818 raris
1407 2770 1633 2827 hujusmodi
1650 2770 1802 2830 pulpita
1818 2801 1832 2823 ,
1860 2774 1900 2816 iu
1915 2771 2121 2828 quibusvis
2134 2772 2289 2816 Civita-

1300 2835 1408 2876 tibus
1426 2860 1442 2884 ,
1473 2831 1644 2884 Terris,
1669 2831 1787 2877 Locis
1804 2859 1818 2884 ,
1846 2841 1916 2876 aut
1943 2832 2117 2888 Oppidis
2138 2830 2282 2889 absque

1300 2891 1473 2936 Ministri
1499 2891 1711 2936 Generalis
1742 2904 1821 2947 pro
1845 2902 2031 2947 tempore
2056 2891 2283 2943 existentis,

1301 2951 1367 2995 vel
1385 2949 1457 2995 illo
1473 2949 1634 2994 absente
1650 2978 1665 3003 ,
1685 2953 1960 2995 procuratoris
1971 2950 2183 2995 Generalis
2210 2962 2283 3007 pro

1299 3010 1467 3069 pulpitis
1479 3010 1706 3054 Civitatum
1720 3034 1735 3059 ‚
1765 3008 1828 3053 seu
1848 3010 2114 3055 Ecclesiarum
2129 3009 2287 3067 conspi-

1298 3082 1467 3115 cuarum
1481 3095 1497 3121 ,
1511 3082 1599 3127 que
1614 3069 1852 3114 eorumdem
1870 3070 2133 3127 superiorum
2148 3071 2287 3115 Gene-

1300 3128 1444 3173 raliunt
1461 3128 1759 3172 obedientiales
1776 3128 1911 3172 literas
1927 3130 2117 3187 exigunt,
2143 3142 2190 3172 ac
2202 3127 2285 3171 Mi·

1298 3186 1518 3233 nistrorum
1533 3186 1853 3232 Provincialium
1879 3202 1955 3245 pro
1977 3189 2022 3234 iis
2037 3216 2052 3241 ,
2077 3200 2283 3257 quorum.»

1296 3244 1472 3305 provisio
1480 3246 1530 3289 ad
1547 3247 1648 3303 ipsos
1659 3248 1684 3291 s
1677 3248 1805 3303 pestat
1817 3275 1831 3300 ,
1844 3248 1949 3291 intra
1961 3259 2164 3306 propriam
2179 3248 2280 3289 Pro·

1295 3307 1467 3351 vinciam
1481 3304 1668 3362 expresse
1681 3307 1811 3363 petito
1823 3334 1838 3360 ,
1851 3307 1891 3351 δι
1904 3307 2079 3352 obtento
2087 3302 2274 3349 consensu

1294 3363 1363 3409 fibi
1379 3379 1598 3423 procurare
1613 3364 2067 3425 possintmequel’ulpita
2083 3361 2276 3421 ipsaQua·

1291 3423 1521 3483 dragelimoe
1535 3454 1550 3478 ,
1568 3423 1782 3471 Adventds
1799 3453 1815 3480 ,
1843 3425 2008 3483 aliisque
2022 3421 2273 3473 temporibus

1295 3499 1368 3542 per
1384 3499 1531 3528 annum
1550 3483 1786 3530 inconsultis
1798 3481 2079 3541 Superioribus
2093 3480 2268 3537 supradi-

1293 3547 1365 3588 etis
1379 3544 1575 3602 suscipere
1588 3543 1780 3597 audeant,
1793 3542 1857 3588 seu
1869 3533 2159 3599 quovuffnodo
2175 3554 2274 3597 ρη-

1294 3604 1446 3649 stimant
1466 3603 1533 3649 sub
1546 3603 1674 3662 poenis
1696 3599 1946 3660 suspensionis
1972 3599 2023 3645 ad
2049 3598 2269 3643 triennium

1294 3665 1344 3707 ab
1359 3663 1557 3709 exercitio
1567 3658 1834 3706 concionandi
1848 3684 1862 3709 2
1873 3672 1945 3703 nes
1956 3673 2038 3704 non
2057 3658 2166 3704 vocis
2179 3658 2269 3700 ad'ti.

1297 3737 1351 3766 va·
1367 3752 1379 3776 ‚
1405 3725 1444 3767 dt
1459 3720 1609 3780 patliva:
1635 3721 1684 3762 ad
1700 3718 1954 3771 sexennium,
1987 3718 2145 3776 singulis
2173 3717 2272 3761 vero

1293 3781 1558 3827 Saecularibus
1569 3805 1584 3832 2
1612 3777 1896 3824 Ecclestaflleis
1906 3804 1923 3833 ,
1943 3779 1984 3823 dt
2000 3776 2268 3877 Regularisbus

2089 3850 2178 3896 cuju
2205 3856 2213 3865 ·
