2508 4218
1006 138 1488 258 Apostolica.
2092 192 2200 276 57
2286 147 2291 150 ’

366 296 564 352 Progredi
591 305 665 350 pro
691 288 831 334 melius
848 293 1154 336 accomodando
1169 295 1419 338 Kalendario
1434 292 1647 349 Capucino
1665 294 1715 336 ad
1733 294 2004 343 reduffionem
2020 311 2250 359 arctorum„

254 354 460 406 limitum,
481 357 521 396 ἂ
540 350 692 396 sensum
719 352 971 405 antiquorum
987 356 1258 395 Decretorum
1275 352 1526 408 generalium
1554 352 1575 408 (
1590 352 1643 396 de
1660 352 1802 407 quibus
1820 368 1900 395 non
1916 370 2040 409 pauca
2055 363 2258 414 dicenda...

252 413 388 458 forent
402 414 524 456 etiam
540 410 717 468 respectu
731 410 966 453 Kalendarii
982 411 1183 469 Romani)
1205 411 1308 454 idem
1324 412 1379 454 est
1393 439 1407 462 ‚
1420 424 1465 452 ac
1481 411 1732 467 pretendere
1745 437 1759 459 a
1775 421 1818 452 ut
1838 415 1874 452 in
1892 414 1963 454 tali
1980 417 2147 459 demum
2164 423 2262 468 flatu

253 471 455 530 perpetuo
470 471 648 514 confistat
664 498 676 510 .
707 469 819 522 Opus
845 468 924 511 hoc
948 468 1036 525 est(
1055 473 1112 512 Ut
1128 483 1220 511 cum
1237 483 1336 526 pace
1357 470 1492 521 illius,
1522 470 1588 526 qui
1613 469 1655 511 id
1684 468 1751 510 fibi
1779 471 2021 525 imaginatur
2036 502 2051 524 ,
2082 475 2259 537 loquar)

253 532 361 589 quod
376 530 574 587 compleri
589 541 673 572 non
689 525 817 582 potest
832 555 848 577 ‚
871 528 965 582 quin
982 529 1234 583 procedatur
1245 527 1296 570 ad
1313 529 1554 571 excisionem
1569 527 1706 575 totalis
1722 529 1996 584 derogationis
2011 557 2025 580 a
2051 534 2090 574 δι
2105 535 2264 579 destru.

249 591 391 635 ettonis
406 591 582 634 omnium
596 586 769 631 aliorum
790 585 1063 628 Decretorum
1090 588 1357 643 posteriorum
1373 613 1389 637 ‚
1417 588 1458 629 δι
1483 586 1710 642 hujusmodi
1733 587 1836 630 idaeae
1863 590 2161 633 contrariorum
2178 621 2194 643 ,
2224 596 2264 636 δι

247 652 342 708 quin
357 649 574 693 claudatur
589 653 707 703 porta
721 644 853 686 omnis
868 643 1074 688 ulterioris
1088 645 1346 690 conceffionis
1362 644 1462 688 titiis
1474 674 1490 699 ‚
1503 646 1544 688 δι
1555 644 1688 689 Officii
1706 659 1781 701 pro
1798 655 1987 703 tempore
2003 646 2144 692 futuro
2154 679 2166 690 .
2196 652 2263 697 Ad

247 711 358 768 quod
374 707 596 752 faciendum
611 717 684 747 nec
697 702 816 746 Sacra
834 704 1110 758 congregatio
1123 730 1139 753 ‚
1169 719 1242 748 nec
1261 705 1410 748 Summi
1429 703 1648 748 Pontifices
1675 704 1713 747 se
1736 703 1889 759 ligari,
1922 720 1997 750 nec
2017 708 2263 763 propriam..-

250 761 2263 880 {53:¹31‘'ifffflrisssshfflv‘ssi‘ssssc{fss'ffiffi‘issssmssssffl122322‘252‘,lssssssissssssss’rsssssslffffiu‘ssm⁰⁵

743 847 758 869 5
2194 853 2207 867 o

290 844 316 886 g
362 841 612 929 AdJei-titur
624 875 807 923 effective*
824 907 840 930 ,
869 879 978 936 quod
996 878 1110 936 juxta
1129 882 1403 925 variationem
1418 884 1642 939 temporis,
1671 881 1796 925 etiam
1816 884 1972 928 variata
1997 885 2074 927 fint
2099 882 2264 941 dispoli-

248 948 380 992 tiones
393 939 736 987 Kalendariorum
751 965 765 990 ‚
790 938 939 981 rituum
953 965 968 990 ,
998 939 1039 981 δι
1057 938 1174 982 multi
1199 953 1362 984 errores
1375 969 1392 995 ,
1423 944 1491 998 qni
1508 952 1691 999 tempore
1708 943 1873 998 antiquo
1884 943 2101 988 currebant
2118 945 2266 985 immu-

243 1019 342 1056 nes,
375 998 594 1046 hodiedum
621 1013 666 1042 re
724 997 879 1040 riantur
892 997 1114 1042 eliminati.
1147 999 1317 1044 Veteres
1336 1002 1609 1058 Legislatores
1635 1014 1770 1045 rerum
1786 1001 2154 1046 Eccleliaflicarum
2181 1001 2265 1045 cir·

242 1060 496 1109 cumstantias
512 1072 644 1102 rerum
677 1068 888 1101 uturarum
905 1056 1128 1113 ptaevidere
1140 1071 1221 1102 non
1239 1068 1430 1114 poterant
1445 1073 1462 1114 3
1492 1074 1541 1104 ex
1559 1074 1641 1118 quo
1659 1059 1837 1116 sequitur
1848 1090 1864 1112 ‚
1886 1063 1997 1118 quod
2015 1063 2134 1104 Sacra
2150 1064 2269 1104 Con-

245 1121 426 1182 gregatio
437 1146 453 1170 2
482 1120 523 1162 &
535 1118 720 1160 Summus
737 1115 924 1160 Pontifex
931 1125 1011 1173 pra
1023 1124 1195 1173 tempore
1207 1118 1324 1161 novis
1337 1147 1353 1171 ,
1381 1120 1422 1161 δι
1446 1120 1569 1174 magis
1597 1119 1773 1163 discuffis
1797 1120 2020 1164 rationibus
2046 1119 2263 1178 aliquoties

242 1183 294 1226 ad
311 1194 371 1225 res
385 1179 504 1223 aliter
521 1176 760 1232 regulandas
777 1183 1046 1218 moveantur.
1075 1175 1203 1230 Quod
1220 1191 1302 1222 non
1317 1177 1373 1219 est
1388 1191 1491 1220 nova
1511 1180 1709 1233 temporis
1725 1177 1844 1220 nostri
1863 1179 2095 1234 dispositio,
2126 1179 2151 1220 fi
2170 1192 2264 1221 cre·

242 1243 340 1286 dere
358 1237 527 1283 velimus
537 1235 580 1279 id
597 1264 609 1288 ,
632 1234 744 1290 quod
764 1232 1099 1276 Eminentiffimus
1119 1236 1230 1278 Bona
1243 1236 1283 1278 iu
1298 1234 1370 1278 suo
1386 1238 1559 1279 tractatu
1578 1250 1718 1279 rerum
1736 1238 2040 1290 Liturgicarum
2053 1236 2173 1279 liba.
2187 1248 2266 1286 c.5.

241 1315 284 1345 n.
299 1315 339 1356 3.
367 1297 558 1351 scriptum
579 1291 741 1349 reliquit
761 1305 818 1333 =
835 1290 1033 1344 crestente
1050 1292 1247 1335 fidetium
1266 1307 1427 1336 numera
1447 1303 1643 1350 ceperunt
1665 1293 1836 1350 Apostoli
1859 1294 2048 1338 Lthaner
2065 1323 2080 1346 ,
2104 1304 2238 1352 preces
2251 1321 2268 1344 2

243 1352 483 1403 ceremonias
494 1351 666 1409 adjicere
676 1377 691 1401 ,
716 1349 855 1405 quibus
871 1349 919 1398 θ’
935 1348 1128 1407 sacrificii
1141 1351 1315 1407 dignitas
1329 1351 1475 1395 clare‘u‘s
1496 1354 1720 1404 elucesceret
1733 1382 1749 1404 ,
1773 1354 1828 1404 <9-
1842 1354 2057 1412 ntajartpfi
2069 1354 2269 1397 veneratt'a

241 1405 518 1462 concideretur
531 1437 546 1460 s
566 1407 773 1469 pietasque
784 1407 967 1464 fidelium
982 1438 998 1462 ‚
1026 1422 1073 1452 ac
1082 1408 1226 1470 fervn-
1246 1416 1367 1467 magis
1389 1413 1663 1455 accenderetur
1688 1427 1744 1455 =
1769 1414 1809 1455 δι
1828 1416 1936 1457 idem
1955 1415 2080 1468 ipsum
2097 1416 2150 1456 de
2164 1412 2268 1455 offi-

240 1476 308 1519 cio
325 1471 480 1518 Divino
492 1500 508 1523 ,
533 1470 640 1519 ritu,
675 1470 714 1510 &
729 1466 981 1512 Kalendario
996 1468 1077 1511 dici
1090 1471 1218 1526 potest
1233 1498 1245 1512 .
1277 1470 1563 1527 Multiplicitas
1581 1473 1724 1514 rituum
1744 1471 1832 1515 secu
1841 1475 1925 1516 nde
1942 1471 2070 1515 claffis
2084 1501 2098 1522 ,
2124 1474 2165 1515 δι
2181 1473 2265 1514 Du-

241 1533 406 1592 plieium
422 1530 619 1587 majorum
634 1554 648 1578 ,
671 1540 757 1584 qua:
776 1529 813 1570 in
831 1527 969 1571 nostro
980 1526 1219 1572 observatur
1235 1529 1485 1573 Kalendario
1499 1558 1512 1580 ,
1537 1533 1560 1575 ὁ
1574 1533 1677 1574 Sede
1691 1529 1923 1586 Apostolica
1936 1531 2087 1573 Ordini
2106 1530 2267 1575 FRMi-

240 1605 383 1638 norum
399 1604 478 1632 non
510 1586 586 1630 fuit
611 1583 792 1631 concessa
818 1586 966 1643 absque
991 1585 1149 1642 speciali
1177 1588 1331 1632 intuitu
1356 1590 1517 1642 meriti,
1547 1591 1586 1631 δι
1610 1589 1852 1633 characteris
1869 1588 2265 1646 cujuslibet-saneti,

241 1651 303 1695 vel
323 1649 463 1697 Beati,
496 1647 521 1690 fi
541 1645 636 1689 aliis
651 1646 738 1701 quis
756 1650 920 1689 Sacram
935 1647 1309 1703 Congregationem
1324 1675 1338 1696 ,
1365 1658 1435 1689 aut
1451 1648 1632 1691 Sanctam
1648 1647 1790 1690 Sedem
1805 1647 1858 1690 de
1873 1646 2026 1690 excessu
2044 1648 2266 1704 reprehen-

237 1711 337 1754 dere
353 1707 483 1751 nolit:
514 1719 590 1749 nec
615 1707 737 1748 etiam
754 1703 842 1760 iplis
861 1706 939 1748 FF.
957 1706 1184 1749 Minoribus
1213 1706 1403 1760 imputari
1422 1707 1552 1762 potest
1567 1734 1582 1757 ,
1614 1708 1724 1762 quod
1744 1720 1817 1761 pro
1838 1720 1982 1751 cotum
2002 1708 2173 1750 arbitrio
2189 1707 2262 1748 in.,

239 1766 487 1814 Kalendario
504 1765 576 1808 suo
604 1764 826 1820 hujusmodi
851 1764 953 1806 ritus
974 1763 1180 1820 posuerint
1198 1793 1209 1805 .
1245 1765 1413 1807 interim
1432 1778 1502 1820 per
1527 1779 1711 1810 errorem
1738 1765 1896 1809 dioum
1924 1765 1978 1807 cll
1993 1791 2007 1813 2
2037 1766 2145 1821 quod
2180 1766 2263 1819 pri·

238 1841 308 1872 mo
321 1856 336 1882 ,
355 1828 395 1870 δι
411 1821 679 1882 propriillimo
706 1822 845 1867 nostre
871 1822 1189 1867 Resormttionis
1202 1825 1375 1874 Sansso,
1409 1823 1604 1870 videlicet
1620 1824 1746 1870 Felici
1770 1827 1795 1870 ὲ
1820 1824 2055 1869 ΟιιιειΙίσίο
2071 1853 2087 1878 ,
2118 1826 2157 1867 in
2175 1826 2261 1874 Κεφ

238 1885 421 1930 lendario
437 1898 516 1928 non
531 1882 652 1926 suerit
666 1883 782 1926 datus
796 1881 900 1926 ritus
917 1882 1119 1926 distinctus
1131 1913 1143 1926 .
1729 1883 1733 1887 '

357 1945 446 1986 Mos
475 1940 675 1997 gradatim
699 1941 887 1985 elevandi
915 1942 1036 1986 ritum
1051 1944 1285 1986 Sannorum
1309 1946 1349 1989 in
1362 1942 1611 1990 Kelendario
1627 1946 1815 1988 Romano
1828 1973 1846 1996 ,
1874 1954 2061 2001 tempore
2089 1944 2261 2000 antiquo

238 2003 482 2061 practicatus
495 2029 510 2051 ‚
543 1998 755 2040 laudabilis
773 1997 987 2040 videbatur
1000 2026 1015 2047 ‚
1046 1997 1268 2052 justumque
1283 1999 1392 2041 suum
1417 2000 1595 2041 habebat
1619 2003 1851 2053 motivum3
1883 2017 1975 2044 nam
1990 2015 2064 2053 pro
2078 2005 2234 2046 ratione
2246 2027 2264 2052 ,

239 2076 322 2119 quo
337 2058 506 2103 devotio
521 2084 535 2109 ,
555 2057 594 2098 &
607 2056 736 2098 cultus
753 2054 889 2110 populi
905 2067 1000 2110 erga
1014 2059 1180 2099 Sanaos
1197 2057 1494 2101 extendebatur
1508 2086 1523 2108 ,
1546 2060 1587 2100 S·
1600 2058 1721 2100 Sedes
1735 2059 1786 2103 ad
1801 2059 1923 2101 ritum
1938 2072 2078 2102 eorum
2094 2060 2262 2103 elevan-

239 2121 337 2163 dum
354 2117 616 2162 incitabatur.
651 2117 741 2158 Hoc
757 2113 864 2156 idem
891 2126 984 2155 cum
1011 2113 1082 2152 tali
1114 2114 1251 2167 rigore
1282 2116 1408 2168 magis
1439 2116 1641 2156 moderno
1655 2116 1793 2158 nostro
1806 2127 1991 2171 tempore
2006 2120 2226 2173 practicare
2239 2146 2254 2169 ,

239 2177 364 2222 visum
379 2190 458 2220 non
475 2174 550 2217 fuit
564 2172 758 2224 expedire
773 2194 788 2218 ,
801 2181 891 2208 cum
905 2181 983 2209 nec
998 2167 1218 2220 statutum,
1232 2186 1307 2214 nec
1325 2172 1408 2222 leit,
1422 2172 1488 2214 cui
1504 2172 1850 2225 contraveniatur,
1863 2174 1962 2216 adlit
1974 2201 1987 2215 .
2021 2178 2110 2218 Nec
2121 2175 2260 2219 neces-

239 2236 365 2281 sarius
377 2227 628 2287 postmodum
649 2220 851 2282 judicatus
875 2223 927 2267 est
945 2225 1171 2276 huiusmodi
1188 2229 1300 2284 rigor
1316 2231 1494 2285 respeeiu
1509 2229 1670 2273 illorum
1685 2233 1920 2275 Sanctorum
1937 2260 1952 2284 ,
1975 2233 2043 2289 qui
2065 2233 2255 2280 cultum,

231 2292 347 2337 suum
371 2292 475 2332 inter
501 2284 669 2329 Ordinis
703 2284 916 2339 Regularis
939 2284 1091 2329 limites
1117 2292 1368 2332 coarctatum
1393 2291 1542 2333 habent
1557 2319 1571 2339 ,
1586 2303 1677 2332 cum
1693 2291 1715 2332 i
1733 2290 1986 2345 benignitate
2002 2295 2045 2335 S.
2062 2292 2258 2345 Sedis,in

233 2351 310 2396 suis
323 2346 495 2394 confinis
512 2346 662 2399 semper
677 2343 813 2387 liberae
826 2344 866 2386 δι
881 2344 1060 2397 provide
1071 2371 1086 2395 ‚
1109 2346 1199 2400 ipris
1213 2348 1357 2392 eodem
1374 2359 1559 2403 tempore
1575 2348 1646 2391 illa
1669 2347 1773 2393 ritus
1798 2349 2002 2394 distinato
2017 2350 2231 2407 assignetur
2242 2381 2257 2404 ,

234 2410 286 2453 ad
301 2421 419 2465 quam
437 2407 474 2449 in
491 2403 685 2459 temporis
700 2401 902 2459 progressu
918 2402 1074 2458 pnlsent
1090 2405 1307 2452 ascendere
1320 2434 1336 2458 ‚
1365 2408 1407 2450 δι
1423 2409 1557 2451 hocin
1574 2406 1693 2452 finem
1708 2435 1724 2459 ‚
1755 2418 1830 2461 ut,
1857 2410 1926 2454 ubi
1951 2409 2086 2454 cultus
2112 2412 2168 2454 est
2196 2426 2260 2455 re·

233 2469 391 2514 strictus
405 2495 420 2518 ‚
451 2465 585 2507 honor
599 2461 699 2506 titiis
712 2461 763 2505 ad
778 2461 908 2507 minus
921 2460 965 2506 fit
982 2475 1219 2520 competens
1238 2495 1251 2508 .

226 2535 230 2539 ’
350 2524 417 2572 Ad
430 2521 540 2582 quod
555 2522 686 2565 notari
701 2520 823 2564 debet
835 2522 876 2564 id
891 2547 907 2571 2
935 2523 1044 2578 quod
1060 2526 1247 2580 Guyetus
1261 2524 1465 2570 scribit:
1480 2528 1526 2569 In
1537 2528 1642 2570 nulla
1655 2529 1778 2582 tnagis
1796 2527 1965 2585 Ecclefiae
1979 2528 2141 2585 alicujus
2154 2529 2263 2572 decus

238 2586 407 2632 emittere
422 2612 436 2635 ,
466 2580 585 2637 qnam
592 2579 640 2638 st
652 2578 798 2624 talibus
809 2580 961 2623 Samis
973 2580 1123 2638 resi’rta
1138 2584 1193 2637 fi't
1206 2613 1220 2635 ,
1250 2598 1412 2639 quarunt
1426 2585 1631 2629 celebritas
1647 2586 1810 2641 duplicis
1825 2588 2000 2644 gradun·
2025 2601 2261 2645 quacumque

236 2645 390 2693 tandem
405 2638 666 2698 legitimostbe
687 2640 808 2682 titula
830 2639 1001 2683 vindicet
1014 2669 1028 2691 ‚
1061 2641 1274 2699 cujusmodi
1284 2645 1390 2701 fient
1414 2644 1550 2687 Sanffi‘
1567 2646 1837 2700 plurimarum
1854 2648 2009 2688 sedtum
2027 2647 2232 2702 Antrstt'tes
2244 2672 2259 2695 ‚

235 2705 384 2760 aliique
404 2703 590 2744 Locorum
606 2699 820 2741 Naturales
839 2697 1061 2755 rung-ioris
1082 2711 1184 2744 uate
1197 2729 1212 2754 ,
1241 2713 1314 2745 nt
1329 2715 1496 2759 quarunt
1518 2702 1678 2758 infigite-s
1699 2701 1895 2746 habentur
1910 2702 2104 2758 Reliquit
2117 2733 2129 2744 .
2161 2708 2260 2747 Item

223 2761 422 2823 primarii
435 2758 629 2803 ordinum
646 2756 872 2815 Profefflm
884 2785 899 2808 ‚
923 2767 996 2801 aut
1016 2757 1299 2816 Instaurateres
1311 2788 1323 2801 .

352 2817 521 2865 Attendi
546 2831 626 2860 non
648 2816 801 2868 debet,
831 2818 941 2872 quod
967 2818 1008 2860 in
1035 2818 1173 2861 nostro
1202 2817 1447 2862 Kalendario
1468 2816 1580 2859 Beati
1610 2818 1810 2872 Martyres
1828 2814 2068 2872 Japonenses
2090 2820 2172 2862 ritu
2196 2821 2256 2863 se·

237 2879 380 2925 cuudoe
393 2875 520 2920 clanis
535 2875 734 2930 gaudeant
747 2901 762 2923 ‚
786 2889 879 2917 cum
904 2874 1051 2920 sciatur
1065 2905 1080 2928 ‚
1111 2878 1219 2932 quod
1244 2877 1407 2920 illorum
1423 2873 1540 2918 causa
1553 2875 1885 2918 canonizationis
1901 2875 1979 2931 jam
1996 2878 2041 2919 lit
2069 2879 2258 2921 termina-

237 2950 278 2983 ta
292 2966 307 2990 ‚
329 2939 368 2981 δι
386 2948 461 2990 pro
475 2933 616 2976 ultima
629 2932 792 2976 solemni
807 2931 891 2984 eius
905 2932 1112 2978 functione
1126 2946 1352 2979 emanatum
1369 2939 1591 2978 Decretum
1606 2949 1662 2976 =
1678 2938 1887 2977 sacrorum
1903 2938 2070 2979 Rituum
2088 2940 2252 2993 Congre-

230 3001 344 3057 gatt'o
356 2997 551 3038 adrerum
566 2989 910 3036 canonizationem
925 2993 1099 3036 devenir}
1115 2994 1220 3052 poffl
1243 2994 1412 3037 decrevit
1426 3010 1482 3036 =
1498 3002 1617 3047 prout
1642 2993 1682 3035 in
1705 2993 1881 3047 ipsorum
1897 2992 2048 3050 legitur
2070 2996 2225 3038 historia
2243 3022 2254 3034 .

235 3059 333 3102 Haec
350 3063 485 3097 autem
499 3052 643 3095 ultima
654 3048 879 3094 formalitas
891 3051 942 3095 ad
960 3052 1142 3097 effeoum
1156 3068 1236 3096 non
1252 3052 1329 3096 fuit
1343 3053 1517 3096 dedufla
1533 3049 1596 3092 vel
1609 3065 1657 3094 ex
1672 3051 1912 3106 impotentia
1938 3053 2046 3096 illius
2060 3080 2074 3103 ,
2104 3055 2251 3110 quiex-

233 3114 361 3174 penfis
375 3113 549 3155 debebat
565 3109 854 3157 succumbere,
882 3111 948 3155 vei
974 3126 1022 3156 ex
1044 3112 1125 3154 alio
1149 3112 1383 3164 accidente3
1416 3111 1509 3152 hinc
1526 3110 1564 3151 hi
1581 3110 1696 3153 Beati
1715 3114 1915 3166 Martyres
1929 3112 2081 3155 debent
2103 3113 2250 3155 habete

234 3177 360 3219 ritum
383 3181 518 3228 parem
535 3168 623 3212 aliis
639 3168 798 3221 Beatis‚
828 3183 1002 3224 quorum
1027 3168 1148 3213 causae
1172 3170 1211 3212 in
1239 3168 1307 3212 suo
1332 3166 1420 3211 sunt
1450 3168 1592 3215 cursu,
1625 3167 1690 3211 vel
1706 3168 1908 3214 derelicta
1925 3171 2124 3216 habentur
2139 3200 2154 3223 ,
2181 3179 2250 3212 aut

237 3233 305 3292 qui
320 3245 392 3289 per
407 3225 714 3271 Beatificationis
738 3228 1061 3281 aequivalentiam
1077 3231 1288 3271 Beatorum
1314 3227 1439 3271 titulo
1460 3226 1674 3270 coluntur.

353 3292 454 3345 Qo
468 3300 549 3329 non
562 3285 742 3330 obstante
754 3311 769 3334 ‚
792 3284 818 3327 st
835 3288 955 3330 Sacra
968 3287 1247 3341 congregatio
1261 3287 1299 3329 in
1313 3287 1444 3329 hocce
1458 3283 1550 3328 casu
1565 3286 1786 3342 aliqualem
1809 3287 1911 3331 ritfis
1928 3287 2248 3331 moderationem

236 3352 435 3395 inducere
449 3345 575 3396 velit,
599 3344 762 3399 Religio
776 3345 985 3398 Capncina
999 3344 1304 3400 prudentiffimo
1318 3346 1426 3388 illius
1441 3343 1594 3401 judicio
1606 3348 1713 3389 circa
1731 3344 1847 3398 huius
1863 3346 2246 3389 determinationem

237 3408 277 3453 se
290 3406 459 3457 remittit
473 3433 488 3458 ‚
513 3401 732 3460 praesertim
748 3401 897 3444 intuitu
918 3403 1186 3458 quorumdam
1199 3406 1433 3446 Sane'torum
1445 3430 1459 3451 ‚
1479 3412 1547 3445 aut
1563 3405 1784 3447 Beatorum
1801 3403 1947 3445 Ordini
1962 3406 2100 3448 nostro
2115 3405 2245 3446 minus

236 3477 544 3578 νοω,
554 3459 870 3563 aaziae&
892 3461 1283 3572 {32229‘215323
1293 3460 2250 3577 exaesamaraneante-

325 3548 342 3574 5
992 3556 995 3558 -
1076 3548 1092 3572 2
2227 3542 2247 3553 -

245 3582 392 3625 tutoris
405 3605 419 3628 ‚
440 3583 482 3623 δι
497 3581 622 3626 Patris
636 3575 803 3621 fuerunt
816 3575 968 3619 admisti
983 3604 997 3618 .

354 3637 477 3681 Circa
492 3641 680 3690 Sanaos,
703 3639 744 3679 &
762 3638 906 3677 Beatos
922 3634 1039 3690 primi
1054 3634 1248 3682 Ordinis,
1274 3635 1416 3691 justum
1448 3635 1487 3675 δι
1511 3633 1751 3677 rationabile
1768 3634 1926 3678 videtur
1943 3663 1957 3686 ‚
1990 3645 2036 3679 ut
2065 3635 2243 3681 iisdem-0·

238 3696 540 3755 prerogativis,
568 3697 711 3752 quibus
739 3697 777 3737 in
799 3697 877 3737 1²1³.
889 3691 1260 3741 Conventualium‚
1289 3703 1358 3736 aut
1375 3691 1710 3740 Observandum,
1746 3703 1813 3735 aut
1842 3692 2112 3751 cujuscunque
2138 3695 2244 3739 altc-

235 3760 317 3802 rius
333 3754 652 3799 Reformationis
669 3752 917 3798 Kalendario
932 3751 1108 3808 gaudent
1123 3776 1139 3800 ‚
1169 3750 1290 3794 etiam
1306 3752 1345 3795 in
1361 3751 1496 3794 nostro
1511 3750 1725 3806 potiantur
1740 3778 1760 3809 ³⁷
1781 3753 1822 3796 δι
1840 3752 2004 3809 quidem
2021 3767 2098 3796 non
2117 3754 2245 3798 solnm

351 3817 457 3858 Tam.
483 3815 565 3857 1111.
1621 3810 1663 3851 H
2017 3823 2188 3869 propter
