2496 4172
996 142 1435 260 Apostolica
1459 211 1476 226 .

232 287 488 334 decernimus
515 312 530 337 ‚
565 300 659 331 curn
696 285 928 328 immediata
965 284 1205 343 subjectione

229 346 432 403 Episcopo
450 345 666 388 Ordinatio
677 373 692 396 ,
705 346 742 386 &
759 345 932 386 mediata
961 346 1204 386 Patriarcbae

228 404 676 448 Graeco-Melchitatum
693 403 955 444 Antiocheno
967 416 981 442 =
997 404 1062 457 qui
1078 404 1201 445 ctiam

227 464 500 508 immediatam
517 462 634 518 super
649 475 698 504 eo
713 488 729 512 ,
751 462 789 502 δι
815 461 895 502 illis
917 463 1200 503 auctoritatem

227 522 432 579 acquirere
467 520 611 564 debeat
641 549 657 573 ,
688 519 1020 575 quotiescumque
1056 516 1199 561 suturis

227 580 475 637 temporibus
495 593 573 622 non
589 575 736 623 adeffet
754 576 977 632 Episcopus
989 578 1199 619 Orthodo-

224 653 299 683 xus
315 639 422 682 illius
436 637 548 693 Sedis
564 640 797 738 :Qatenus
818 636 947 691 vero(
962 634 1072 690 quod
1092 638 1197 677 Deus

226 699 416 754 avertat)
433 706 574 740 neuter
588 710 611 738 e
641 705 682 738 et
694 691 954 742 Catholicus,
969 707 1040 747 per
1057 693 1096 734 id
1109 704 1191 734 tan-

223 758 310 802 tum
324 754 521 810 temporis
537 780 550 805 ,
567 755 606 796 δι
634 752 763 796 donec
790 750 990 794 alteruter
1011 750 1199 793 Catholi-

221 828 294 857 cus
319 813 619 871 supervenerit,
649 809 880 867 praedictum
907 808 1197 851 Monasterium

222 872 458 915 immediate
489 867 688 926 subjaceat
714 868 860 910 Abbati
888 868 1080 910 Generali
1103 881 1198 923 prae-

218 929 312 973 fatae
339 928 677 984 Congregationis
702 928 834 970 Sancti
872 927 1038 982 Joannis
1065 955 1082 977 ,
1113 935 1201 969 tan-

222 1003 342 1047 quam
359 986 560 1041 Delegato
574 985 692 1029 Sedis
705 983 945 1041 Apostolicae
955 1014 966 1025 .

336 1043 599 1091 Confeffarius
634 1043 873 1088 ordinarius
916 1042 1197 1086 Monialium.»

226 1105 402 1165 prndiai
431 1103 661 1148 Monasterii
689 1103 731 1145 iit
751 1097 976 1144 Monachus
1003 1098 1201 1155 proscffus.

223 1167 337 1209 diflae
349 1162 688 1219 congregationis
713 1161 842 1203 Sancti
864 1159 1024 1214 Joannis
1035 1188 1052 1210 ,
1072 1172 1194 1215 quem

222 1224 396 1268 scientiae
410 1252 426 1275 ,
439 1222 599 1276 pietatis
611 1248 625 1270 ‚
638 1234 685 1263 ac
700 1219 919 1276 prudentiae
931 1217 1193 1261 commenda-

221 1283 334 1327 tione
345 1285 396 1325 ab
411 1279 525 1336 ipfius
537 1281 695 1323 Abbate
709 1276 900 1323 Generali
913 1275 1111 1318 deleaum
1124 1301 1139 1324 ,
1153 1275 1191 1315 δι

220 1342 528 1399 praeicntaturn,
546 1336 763 1392 Episcopus
783 1332 1019 1391 Diecesanus
1047 1332 1192 1389 proba-

220 1399 324 1444 verit
336 1411 350 1440 s
367 1398 556 1451 Idemque
574 1396 776 1438 statuimus
789 1394 842 1435 de
859 1390 1111 1436 Consetl‘ario
1123 1403 1192 1433 ex·

220 1455 487 1502 traordinario
505 1483 522 1508 ,
541 1468 661 1512 quem
686 1453 791 1496 idem
818 1454 950 1495 Abbas
978 1448 1191 1495 Generalis

221 1525 286 1561 ter
298 1516 339 1558 in
353 1528 458 1558 anno
468 1542 485 1568 ,
497 1514 536 1556 δι
551 1512 888 1572 quandocumque
901 1508 1107 1553 neccffitas
1122 1522 1185 1550 ur·

220 1585 311 1638 gear
334 1602 352 1625 ,
377 1576 426 1618 ad
456 1571 673 1617 audiendas
696 1571 891 1613 dictarum
922 1569 1191 1613 Monialium..

219 1631 480 1680 conseiliones
498 1633 626 1676 valeat
640 1631 857 1687 deputare.
889 1627 1003 1672 Facti
1031 1628 1190 1681 insuper

218 1692 409 1752 praedisto
436 1690 634 1748 Episcopo
658 1689 851 1747 potestate
874 1716 889 1739 ,
922 1698 1119 1743 quatenus
1150 1685 1191 1727 id

217 1751 408 1808 expedire
425 1760 520 1807 puta
531 1750 638 1796 verit
653 1776 670 1803 ,
682 1749 804 1793 alium
817 1759 1106 1802 quemcumque
1121 1746 1192 1786 Sa-

216 1810 430 1856 cerdotem
447 1810 714 1865 Regularem,
742 1808 862 1851 etiam
886 1805 1050 1849 alterius
1079 1803 1193 1845 lnsti·

221 1869 328 1921 tuti,
354 1866 526 1911 &Ritus
544 1867 701 1919 Latini,
728 1865 790 1908 vel
821 1864 944 1907 etiam
969 1861 1192 1905 secularem

223 1926 400 1983 eiusdem
423 1924 571 1978 Ritus,
600 1927 639 1968 in
665 1921 955 1969 Consess'ariu'm
967 1920 1192 1965 extraordi-

226 1985 379 2030 narium
393 1983 505 2026 dictis
517 1981 760 2025 Monialibus
774 1979 1019 2036 deputandi.

316 2045 430 2088 ,Nou
458 2042 574 2085 aliam
603 2041 698 2085 veri>
730 2038 927 2095 Regulam
953 2038 976 2080 a
997 2035 1190 2092 predictis

220 2100 466 2146 Monialibus
483 2099 712 2143 servandam
730 2098 930 2140 statuimus
948 2125 966 2148 ,
986 2099 1105 2152 quam
1118 2110 1190 2150 ge-

217 2163 377 2206 nuinam
399 2158 513 2202 illam
535 2158 666 2202 saneti
680 2155 828 2208 Bafilii,
839 2167 960 2210 quam
975 2154 1188 2196 Monachis

218 2218 454 2266 tradendam
486 2216 601 2266 supra
628 2210 928 2268 fignificavimus
950 2239 962 2251 .
993 2212 1075 2252 cm
1102 2210 1187 2265 qui-

216 2280 310 2329 dem
321 2272 485 2329 Regula
502 2274 528 2314 fi
543 2282 624 2313 tam
641 2268 1187 2324 supradictiMonachi,quam

218 2348 314 2380 mox
326 2329 543 2376 enunciatae
555 2329 749 2371 Moniales
759 2352 775 2374 0
799 2327 949 2383 aliquas
965 2327 1185 2382 peculiares

217 2391 535 2439 constitutiones
548 2384 699 2430 addere
715 2386 837 2429 velint
851 2414 867 2439 ,
895 2399 979 2442 quae
993 2399 1067 2428 nec
1081 2385 1184 2439 ejus-

217 2453 309 2496 dem
327 2446 494 2505 Regulae
505 2443 778 2498 observantia,
795 2459 926 2501 neque
938 2445 1089 2488 Grecis
1113 2445 1183 2486 Ri-

216 2512 323 2556 tibus
337 2504 624 2558 adversentur,
651 2517 718 2547 eas
741 2506 790 2545 ad
808 2503 1182 2559 congregationem

215 2571 270 2615 de
286 2573 413 2624 Prope
444 2567 544 2607 anda
566 2564 662 2607 Fide
676 2562 781 2616 prius
805 2561 1103 2616 cognoscendas
1115 2587 1131 2608 .
1143 2563 1184 2604 δι

216 2631 246 2672 st
272 2639 374 2683 opus
422 2624 523 2667 uerit
537 2652 553 2676 ,
575 2621 831 2675 corrigendas
850 2648 866 2672 ,
895 2619 1096 2672 Nobisque
1116 2633 1185 2661 au·

218 2686 407 2731 ctoritate
428 2682 660 2738 apostolica
686 2676 978 2723 confirmandas
996 2677 1189 2721 exhibere

220 2753 464 2791 teneantur.

333 2805 379 2846 1n
397 2798 580 2844 omnibus
608 2797 714 2841 hisce
738 2796 947 2849 Decretis,
974 2795 1189 2838 Venerabi-

225 2865 285 2908 les
309 2863 471 2905 Fratres
485 2886 503 2911 ,
525 2871 612 2913 que
629 2856 775 2911 pravio
798 2863 964 2897 maturo
986 2855 1190 2907 examine,

217 2930 267 2966 ut
281 2919 398 2975 supra
410 2914 816 2970 diximus,auditoque
828 2913 996 2956 consilio
1012 2913 1190 2956 Veriera-

219 2979 362 3024 bilium
387 2979 569 3021 Fratrum
593 2973 817 3016 nostrorum
842 2972 991 3015 Sanan
1007 2972 1194 3015 Romana

216 3035 407 3085 Eeelcsiae
422 3032 699 3078 Cardinalium
711 3059 728 3084 ,
742 3030 993 3088 aliorumque
1018 3030 1197 3084 prestan-

219 3097 323 3141 tium
336 3095 588 3150 integritate,
603 3104 648 3135 ac
663 3091 844 3133 doctrina
860 3091 1066 3143 Virorum,
1081 3089 1200 3132 slatu-

216 3152 559 3206 enda,edenda,ac
581 3150 706 3193 Vobis
718 3147 990 3192 denuncianda
1002 3147 1077 3191 effe
1091 3147 1197 3203 judi-

218 3209 580 3264 cavimus,minime
594 3207 937 3264 dubitamus,qnin
953 3205 1194 3262 agnoscatis,

220 3270 321 3317 nihil
337 3269 446 3313 aliud
481 3267 609 3311 Nobis
636 3267 882 3323 propofitum
909 3261 1044 3317 fuiffe,
1072 3266 1190 3320 quam

223 3339 268 3375 ut
295 3331 338 3373 δι
357 3325 614 3372 venerabiles
637 3323 819 3368 Ecclefiae
835 3325 981 3368 Graecae
999 3324 1192 3374 Ritus,ac

220 3396 359 3432 *mores
373 3388 411 3429 in
434 3387 501 3428 suo
516 3387 652 3441 vigore
664 3382 867 3439 persistant
878 3409 895 3434 ,
908 3383 947 3424 δι
959 3380 1092 3424 debita
1106 3382 1189 3424 Vo—

222 3447 282 3489 bis
294 3449 318 3490 a
334 3446 492 3501 Populis
506 3439 924 3495 obedientia,vestraq;
940 3438 1046 3481 fimul
1063 3438 1103 3482 in'
1119 3453 1192 3482 eos

227 3504 438 3547 auctoritas
458 3500 838 3559 &Jurisdietioiarta
855 3499 960 3541 tena
971 3525 983 3536 .
1000 3499 1190 3551 Quorum

221 3571 436 3615 utrumque
449 3576 496 3604 ex
511 3576 587 3604 una
598 3559 840 3614 ,eademque
864 3555 984 3598 animi
995 3578 1010 3599 2
1024 3568 1068 3596 ac
1084 3554 1187 3608 judi-

220 3620 274 3665 cii
293 3617 559 3674 aequabilitate
587 3616 849 3676 proficiscitur
872 3643 886 3661 2
908 3627 980 3670 per
1006 3626 1125 3668 quam
1145 3614 1186 3655 δι

220 3680 352 3728 varias
371 3674 636 3720 Ecclefiamm
650 3676 922 3720 Institutiones
935 3701 951 3724 ,
973 3672 1012 3714 δι
1025 3669 1193 3712 consue-⁷

219 3738 372 3782 tudines
404 3733 498 3787 justa
529 3734 781 3779 aestirnatione
806 3736 1013 3791 pensantes
1025 3757 1040 3782 ,
1063 3742 1186 3774 unum

333 3796 444 3839 Tom-
457 3795 537 3837 Vll.

2017 193 2182 275 137

1265 287 1366 328 illud
1381 287 1431 328 ad
1447 286 1668 328 animarum
1693 287 1859 333 salutem
1881 301 2045 342 omnino
2064 312 2234 351 necessa-

1265 346 1367 387 rium
1389 346 1430 387 in
1453 344 1558 385 votis
1573 346 1760 388 habemus
1775 376 1789 397 ,
1818 360 1862 390 ut
1894 350 2042 396 scilicet
2059 373 2195 403 omnes

1261 405 1329 461 qui
1355 404 1504 456 ubique
1540 402 1756 444 Terrarum
1784 408 2004 451 Catholico
2029 395 2233 460 cententui·

1261 460 1421 511 nomine
1435 485 1449 507 ‚
1463 460 1584 501 unico
1601 462 1707 504 Fidei
1725 490 1740 512 ,
1766 476 1888 518 atque
1915 469 2078 509 unitatis
2099 475 2238 516 vincu-

1261 520 1304 563 lo
1319 528 1531 561 teneantur
1544 546 1558 569 ,
1571 519 1607 559 δι
1623 520 1845 575 supremam
1872 522 1986 576 hujus
2004 528 2153 570 5206}ae
2169 536 2239 572 se-

1258 578 1322 620 dis
1334 578 1612 620 auctoritatem
1630 603 1645 626 ,
1659 592 1735 633 qua
1749 579 1866 634 super
1895 582 1992 622 alias
2012 586 2155 626 Divina
2173 593 2234 629 in·

1260 636 1466 679 stitutione
1485 637 1729 690 praeeminet,
1746 638 1796 679 ad
1812 643 2129 693 promovendam
2146 659 2237 687 om-

1259 695 1371 736 nium
1390 693 1660 736 Ecclcfiarum
1678 694 1895 738 utilitatem
1911 697 2168 743 solummodo
2182 706 2237 745 in-

1260 762 1523 808 terponentes
1542 782 1556 805 ,
1569 755 1621 795 de
1638 763 1784 796 caetero
1802 756 2142 801 fraternitatibus
2161 763 2241 804 Ve-

1260 812 1345 853 stris
1360 811 1504 854 intacta
1520 824 1681 854 manere
1695 811 1881 856 volumus
1895 815 1975 870 jura
1997 818 2131 860 omnia
2146 846 2161 870 ,
2193 833 2238 862 ac

1259 868 1467 927 privilegia
1479 899 1497 923 ,
1527 870 1568 912 δι
1598 870 1771 914 liberum
1789 870 2071 927 jurisdictionis
2105 877 2239 920 vestrae

1259 930 1499 972 exercitium
1514 957 1528 980 ,
1558 928 1609 971 ad
1640 930 1838 986 regendas
1864 933 1976 976 Oves
1994 935 2128 977 vestre
2144 934 2239 977 fidei

1257 985 1480 1029 commiss‘as
1496 1015 1510 1038 ,
1523 986 1666 1042 caffiue
1683 1002 1755 1043 per
1769 987 1926 1034 semitas
1957 993 2237 1039 mandatorum

1259 1047 1335 1088 Dei
1355 1045 1405 1086 ad
1422 1044 1555 1087 salutis
1569 1056 1723 1089 aetcrnae
1738 1060 1886 1093 metam
1899 1077 1914 1101 ,
1925 1050 2143 1108 adjurante
2156 1054 2235 1095 Di-

1259 1109 1349 1145 vina
1359 1104 1501 1146 Gratia
1514 1133 1531 1154 ,
1545 1104 1773 1158 dirigendas
1785 1136 1798 1147 .
1830 1110 1936 1151 Hinc
1956 1110 2010 1152 cst
2026 1138 2041 1162 ,
2073 1112 2177 1166 quod
2195 1113 2236 1154 δι

1255 1160 1480 1215 hujusmodi
1499 1164 1670 1205 Decreta
1684 1163 1860 1208 libenter
1874 1172 1897 1211 a
1916 1168 2040 1211 Vobis
2053 1198 2069 1220 ,
2090 1171 2131 1212 δι
2142 1184 2235 1215 cum

1254 1219 1390 1285 debita
1407 1218 1650 1267 devotione,
1683 1234 1804 1277 atque
1834 1225 2087 1270 observantia
2119 1228 2235 1272 susci·

1254 1277 1399 1333 pienda
1411 1302 1426 1325 ‚
1437 1278 1477 1319 δι
1489 1278 1767 1333 amplectenda
1786 1280 1870 1325 sore
1885 1283 2129 1330 confidimus
2145 1316 2158 1329 .
2178 1290 2235 1330 Et

1253 1335 1514 1379 nibilominus
1526 1338 1766 1382 auctoritate
1800 1340 1946 1384 Nostra
1966 1345 2091 1386 Vobis
2121 1360 2236 1388 man·

1252 1394 1395 1437 damus
1408 1421 1423 1443 ,
1435 1405 1553 1452 atquc
1568 1398 1814 1452 praecipimus
1831 1426 1846 1450 ,
1871 1410 1918 1443 ut
1943 1414 1989 1443 ca
2009 1404 2143 1446 omnia
2158 1430 2172 1452 ‚
2194 1405 2236 1447 δι

1253 1452 1405 1510 fingula
1422 1450 1588 1498 servetis
1606 1484 1621 1505 ,
1634 1456 1671 1497 δι
1687 1458 1735 1498 ab
1750 1458 1840 1499 aliis
1858 1486 1876 1511 ,
1888 1459 1938 1501 ad
1955 1474 2053 1513 quos
2066 1464 2230 1515 attinet,

1253 1512 1481 1556 executioni
1511 1513 1719 1562 mandari,
1749 1526 1867 1571 atque
1895 1519 2133 1561 exactiffime
2159 1524 2235 1563 ob-

1252 1570 1399 1615 servari
1423 1571 1571 1614 curetis
1586 1600 1598 1612 .
1618 1573 1670 1613 Et
1688 1573 1963 1628 Apostolicam
1991 1579 2236 1621 Benedictio-

1250 1643 1344 1674 nem
1360 1628 1696 1673 Fraternitatibus
1713 1631 1852 1676 vestris
1866 1647 1913 1675 cx
1941 1636 2072 1677 animo
2087 1639 2235 1693 imper-

1254 1691 1379 1732 timur
1397 1716 1409 1728 .

1370 1749 1519 1812 Datum
1535 1746 1670 1789 Rom:
1694 1749 1798 1803 apud
1825 1750 2005 1797 Sanctam
2021 1755 2232 1799 Mariam.»

1251 1805 1448 1860 Maiorem
1474 1804 1540 1850 die
1552 1818 1675 1849 xxiv.
1692 1806 1928 1852 Decembris
1952 1825 2151 1857 nucem
2164 1827 2178 1856 ι
2191 1825 2229 1856 r.

1251 1859 1514 1908 pontificatus
1538 1862 1671 1908 Nostri
1687 1870 1809 1910 Anno
1820 1869 1984 1920 Quarto
1999 1900 2013 1912 .

1312 1958 1315 1960 ”
1369 1981 1429 2022 Ex
1441 1982 1546 2033 Bull-
1557 1980 1671 2038 hujus
1686 1982 1834 2042 stmfi
1844 1994 1944 2030 tomo
1960 1998 1993 2029 t.
2003 1996 2102 2046 pag.
2119 2004 2139 2033 a
2145 2002 2219 2046 90.

2078 2187 2225 2204 ¹-—

1249 2271 1498 2324 Instructio
1517 2274 1751 2326 pastoralis
1776 2280 1925 2346 prima
1950 2278 2083 2348 super
2113 2301 2223 2334 non-

1315 2345 1451 2394 nullis
1471 2345 1621 2418 dubiis
1640 2350 1760 2396 circa
1774 2353 2066 2418 Cophtorum
2083 2353 2227 2404 ritum

1310 2414 1367 2464 ad
1391 2415 1629 2465 vicarium
1678 2420 2219 2483 eneralem,Praefe6tum,

1311 2482 1515 2553 aliosque
1551 2489 1622 2536 Mi
1678 2490 1775 2539 onis
1814 2494 2009 2562 Cophtae
2042 2493 2219 2546 Miffio·

1312 2558 1461 2606 narios
1481 2556 1653 2608 diredta
1667 2594 1681 2608 .

1310 2685 1741 2738 BENEDICTUS
1795 2688 1967 2738 PAPA
2005 2693 2151 2741 xlv.

1339 2798 1490 2843 Ditem
1500 2801 1773 2857 Fr'h‘s’fitlutem
1783 2830 1796 2850 ,
1809 2802 1863 2852 <9⁸
1882 2804 2134 2862 Aptssolt‘cans

1565 2860 1868 2903 &neda-Hiemem
1887 2890 1901 2904 .

1258 2975 1353 3089 E
1366 2977 1404 3018 Ο
1418 2977 1824 3044 quamvis-tempore,
1849 2994 1929 3036 quo
1956 2997 2030 3039 pro
2053 2983 2220 3028 deman-

1383 3035 1483 3076 dato
1501 3037 1628 3078 Nobis
1642 3039 1881 3093 Apostolicae
1895 3039 2098 3086 servitutis
2124 3058 2218 3086 one·

1258 3106 1304 3162 re
1321 3103 1380 3134 tot
1396 3093 1595 3150 tantisque
1609 3097 1715 3138 curis
1739 3100 2065 3153 circumdamur,
2091 3113 2131 3143 ut
2151 3116 2220 3156 pe·

1257 3163 1309 3192 ne
1333 3150 1579 3204 obruamur,
1604 3153 1739 3198 delata
1767 3156 1818 3198 ad
1836 3161 1922 3201 Nos
1950 3157 2098 3203 fuerint
2115 3174 2217 3202 non-

1251 3208 1364 3251 nulla
1384 3211 1586 3254 Postulata
1614 3220 1638 3262 a
1658 3214 1865 3269 Religioso
1884 3220 1986 3259 Viro
2012 3221 2167 3275 Jacobo
2190 3219 2212 3262 εἰ

1251 3268 1623 3334 §remilium-dinis
1636 3273 1821 3316 fratrum
1835 3276 2036 3319 Minor-um
2051 3280 2218 3319 §.Fran-

1253 3324 1346 3368 cisci
1362 3327 1585 3372 Strifiioris
1601 3331 1896 3382 Obsi-wamia,
1918 3334 1957 3374 δι
1990 3334 2216 3378 Miffionum

1251 3383 1573 3451 Apostolicarum
1589 3390 1626 3430 in
1643 3391 1820 3444 AEgypto
1835 3390 2039 3442 Praesesto,
2055 3393 2214 3436 Nihilo-

1251 3455 1379 3485 minus
1397 3444 1434 3486 in
1448 3459 1498 3487 eo
1508 3475 1524 3496 ,
1538 3447 1605 3501 qui
1618 3446 1887 3489 infirmitatem
1899 3450 2085 3491 Nostram
2101 3451 2214 3494 mise-

1250 3501 1472 3544 ricorditer
1486 3506 1605 3558 regit,
1617 3503 2215 3561 confidentes,oper'a‘,fludium·

1245 3572 1322 3613 que
1341 3559 1518 3602 nostrum
1550 3563 1600 3603 ad
1616 3562 1817 3616 proposita
1847 3564 2059 3607 enodanda
2088 3566 2210 3611 dubia

1245 3615 1418 3660 libenter
1431 3617 1649 3671 adjecimus
1663 3648 1676 3669 ,
1693 3620 1733 3662 in
1759 3621 1963 3673 spirituale
1975 3623 2091 3666 electi
2106 3626 2211 3669 illius

1248 3676 1395 3730 Gregis
1411 3675 1593 3718 solatium
1611 3704 1626 3728 ,
1655 3678 1724 3731 qui
1751 3692 1894 3732 magno
1920 3680 2015 3723 licet
2038 3683 2211 3728 interce-

1246 3732 1368 3776 dente
1384 3735 1598 3776 Terrarum
1627 3729 1753 3790 spatio
1777 3737 1802 3779 ὲ
1820 3737 1947 3781 Nobis
1963 3739 2112 3784 diffitus
2138 3742 2184 3787 fit
2197 3772 2211 3795 ,

1768 3793 1794 3833 S
2077 3801 2151 3842 Pa-
