2496 4172
403 149 565 230 170

333 267 464 319 potuit
489 267 651 307 Domitii·
670 266 897 315 uestimenta
924 277 1084 324 tangere
1096 296 1107 316 ,
1132 284 1219 319 cur,
1234 283 1317 323 quae

337 323 582 379 ueris‘cruus·
592 327 793 380 sanguinis
817 332 1011 379 patitur,
1034 329 1070 369 ei
1099 341 1173 369 non
1198 331 1315 370 liceat

340 383 502 428 Domini·
522 386 725 440 Ecclefiarn
742 391 897 428 intrare
913 390 927 430 ἓ

455 445 568 491 Hac,
584 446 770 500 inquam,
786 456 1037 500 reputanteS,
1054 459 1100 486 ac
1128 443 1263 485 relatis
1276 444 1317 484 &

339 504 504 546 minime
517 500 695 547 ferendis
706 503 981 559 abufibusfflro
997 501 1215 558 Apostolici
1231 516 1313 543 mu-

340 566 447 605 neris
460 563 622 605 ratione
638 563 858 606 remedium
886 564 1077 605 adhibere
1103 573 1312 615 quamma-

338 622 448 664 xim'e
463 622 672 675 cupientes
688 649 703 672 ,
730 621 963 663 mandamus
990 623 1032 662 δι
1046 622 1198 662 virtute
1227 618 1310 660 fan-

337 685 405 722 etae
417 680 657 724 obedientie
669 689 817 722 tenore
832 679 1028 733 praesentis
1043 679 1180 721 nostrae
1195 681 1309 719 Con-

340 738 567 782 stitutionis,
581 750 783 792 perpetuae
796 738 899 792 legis
915 738 995 779 vim
1013 738 1207 780 habiturae
1218 763 1234 786 ,
1246 734 1308 790 ju·

339 800 478 840 bemus
494 821 508 843 ‚
524 806 644 848 atque
655 797 841 837 omnibus
854 798 895 838 δι
909 796 1067 852 lingulis
1083 807 1166 838 tam
1179 796 1307 837 Saecu-

339 857 487 897 laribus
500 882 514 904 ,
545 857 664 907 qu'am
682 853 977 909 Regularibus,
993 868 1044 896 ex
1059 865 1316 909 quocumque

341 915 411 957 tint
426 912 587 956 Ordine
602 939 616 961 ,
630 913 990 966 Congregatione,
1006 913 1196 954 instituto
1209 940 1224 961 ,
1241 926 1313 954 no-

340 972 603 1024 minatimque
634 982 681 1010 es
695 970 904 1012 Societatc
919 998 934 1020 ,
949 970 1070 1011 etiam
1090 969 1179 1022 Jesu
1197 998 1211 1019 ,
1239 970 1311 1014 in..

337 1027 604 1071 Orientalium
638 1026 845 1069 indiarum
877 1029 1030 1082 Regnis
1060 1027 1288 1071 Madurenfi
1299 1053 1316 1077 ,

337 1084 617 1142 Maylsurenli,
629 1086 669 1127 δι
685 1084 915 1127 Carnatenfi
931 1086 1190 1130 existentibus
1210 1089 1314 1141 Apo·

340 1146 485 1189 stolicis
498 1141 767 1194 Mfflonarfis,
783 1155 826 1186 ut
843 1145 975 1187 omnia
991 1146 1028 1187 &
1044 1145 1211 1199 lingula,
1228 1159 1315 1202 quae

339 1206 378 1247 in
394 1203 507 1258 supra
520 1200 680 1245 insertis
697 1203 922 1246 Clementis
938 1204 1048 1259 Papa:
1061 1205 1122 1246 XI
1128 1207 1158 1248 1.
1178 1205 1314 1249 Litte-

338 1264 391 1306 ris
402 1292 418 1315 ,
430 1275 596 1319 quarum
610 1260 769 1303 initium
785 1266 1035 1318 Conpertum
1047 1267 1312 1319 exploratum·

337 1336 410 1378 que
427 1351 442 1373 ,
453 1335 546 1378 quas
563 1319 686 1362 ctiam
702 1322 941 1365 auctoritare
971 1322 1104 1364 nostra
1124 1352 1141 1374 ,
1172 1334 1314 1378 quate-

339 1396 411 1423 nus
424 1394 525 1433 opus
544 1382 587 1421 fir
601 1403 616 1426 ‚
627 1379 668 1420 in
682 1382 872 1424 omnibus
886 1408 902 1431 ,
930 1381 971 1423 δι
984 1395 1056 1436 per
1081 1383 1218 1424 omnia
1240 1396 1309 1438 ap·

341 1442 576 1494 probamus,
592 1436 931 1488 confirmamus,&
942 1441 1198 1493 innovamus,
1211 1454 1314 1484 con-

340 1509 450 1541 tenta
468 1501 554 1541 sunt
570 1527 586 1548 ,
600 1507 679 1537 tam
693 1511 781 1553 qua
797 1497 1022 1556 supradieia
1038 1500 1172 1555 capita
1190 1500 1312 1556 respi-

339 1560 453 1600 ciunt
468 1585 483 1607 ,
510 1569 628 1613 quam
644 1555 722 1598 alia
736 1571 997 1612 quaecumque
1020 1571 1091 1613 per
1117 1557 1311 1603 easdem-a

342 1617 519 1660 Litteras
536 1613 760 1671 prescripta
787 1618 827 1660 δι
860 1615 1024 1660 delinita
1038 1644 1053 1667 ,
1082 1616 1133 1658 ad
1165 1630 1310 1660 eorum

338 1688 549 1723 normam,
578 1687 664 1730 quae
679 1674 785 1716 idem
802 1672 1060 1720 Proedeceffor
1090 1676 1238 1719 Noster
1250 1676 1311 1719 al·

338 1734 435 1776 teris
450 1735 599 1787 pariter
614 1732 788 1787 superius
802 1734 961 1777 insertis
971 1733 1212 1790 Apostolicis
1228 1736 1312 1779 Lit-

338 1794 430 1835 teris
441 1820 458 1843 ,
472 1792 755 1846 incipientibus
769 1792 1001 1836 concredita
1015 1791 1120 1835 nobis
1131 1822 1145 1844 ,
1159 1794 1310 1837 consti·

338 1853 416 1892 tuit
429 1853 470 1892 δι
484 1850 607 1892 linxit
623 1877 639 1899 ,
655 1862 736 1892 non
749 1847 878 1896 {olum
896 1851 964 1906 ipli
993 1865 1067 1907 pro
1099 1852 1207 1895 virili
1224 1866 1312 1907 par-

339 1920 379 1950 te
396 1910 550 1963 integre
563 1936 578 1959 ,
594 1910 732 1951 exacte
748 1935 763 1958 ,
777 1909 982 1958 absolute,
1002 1912 1039 1952 in
1047 1910 1308 1962 violabiliter,

339 1970 617 2023 perpetuoque
628 1965 844 2011 observent
856 1994 872 2016 ,
896 1978 1016 2022 atque
1029 1969 1277 2024 adimpleant
1293 1995 1308 2018 ,

339 2028 476 2070 verum
492 2038 533 2069 et
542 2030 634 2075 iarn,
645 2026 840 2082 quantum
855 2027 897 2069 in
907 2026 995 2082 iplis
1008 2026 1081 2078 en,
1093 2036 1135 2068 ut
1154 2028 1206 2071 ab
1219 2027 1308 2071 uni-

338 2086 455 2128 verfis
474 2085 702 2133 Fidelibus,
731 2086 799 2139 qui
814 2098 959 2128 eorum
985 2099 1092 2130 curoe
1107 2085 1194 2130 sunt
1207 2100 1308 2129 con·

337 2144 486 2187 crediti
518 2172 534 2195 ,
561 2145 695 2187 exacte
726 2143 936 2188 serventur
965 2146 1003 2187 δι
1029 2144 1307 2198 impleantur,

337 2204 448 2247 omni
477 2202 608 2246 fludio
630 2216 678 2246 ac
694 2201 841 2245 viribus
853 2213 1000 2247 curent
1015 2231 1033 2254 ,
1054 2213 1177 2258 atque
1205 2216 1307 2248 eon-

337 2262 506 2306 tendant
523 2290 536 2303 .

454 2319 640 2375 Denique
670 2318 831 2362 eosdem
851 2319 1067 2375 Episcopos
1091 2319 1134 2363 dt
1157 2318 1308 2364 Minio-

339 2380 467 2424 nsrios
480 2390 620 2422 omues
650 2392 835 2435 rogamus
848 2406 863 2429 ,
891 2379 932 2421 er
959 2375 1208 2423 obsecramus
1239 2391 1312 2433 per

344 2438 568 2482 Dominum
577 2436 709 2494 jesum
724 2437 928 2482 christum
942 2463 957 2487 ,
983 2437 1021 2479 δι
1041 2451 1111 2493 per
1125 2437 1306 2480 charita·

340 2509 422 2541 tem
438 2498 569 2540 Sancti
581 2495 750 2552 Spiritus
766 2525 781 2547 ,
796 2506 839 2538 ut
856 2496 955 2539 nibil
969 2495 1078 2539 aliud
1097 2496 1308 2551 sapientes,

340 2566 484 2612 prttcr
499 2556 538 2597 id
550 2584 566 2607 ,
577 2555 687 2611 quod
708 2559 732 2600 'a
747 2554 876 2598 Nobis
889 2580 903 2603 ‚
917 2556 960 2599 Gt
972 2556 993 2597 a
1011 2552 1303 2599 l’roedcccll'ori·

338 2615 412 2658 bus
430 2614 583 2657 Nostris
597 2613 859 2658 constitutum
877 2612 952 2657 suit
972 2640 989 2664 ‚
1019 2612 1187 2656 salutare
1203 2613 1277 2656 Dei
1291 2641 1307 2665 ,

337 2673 447 2730 quod
465 2686 537 2724 per
550 2686 686 2717 eorum
701 2672 956 2715 ministerium
971 2670 1194 2729 Regionum
1218 2672 1307 2715 ina·

339 2746 429 2775 rum
442 2732 642 2775 Gentibus
655 2727 805 2773 miffum
816 2730 871 2773 cst
882 2756 898 2781 ‚
919 2730 1006 2786 pari
1032 2730 1123 2775 zelo
1136 2744 1183 2773 ac
1198 2731 1307 2786 puti-

338 2801 422 2834 tate
436 2802 659 2846 propagare
671 2803 752 2832 non
763 2789 1037 2833 intermittant
1054 2789 1310 2844 ‚omniquu

341 2849 472 2893 lindio
484 2852 581 2892 dent
605 2861 768 2904 operam
781 2875 797 2900 ,
821 2859 864 2891 ut
894 2849 1045 2893 nedum
1075 2849 1116 2892 in
1133 2848 1309 2892 novellis

340 2906 680 2951 christifidelibus
696 2906 848 2951 veteris
878 2906 1048 2950 bominis
1068 2907 1229 2963 vestigia
1244 2921 1292 2963 pe

342 2968 448 3009 nitus
463 2978 735 3022 expurgentur
751 2995 766 3017 ,
789 2964 1087 3023 deleanturque
1098 2993 1115 3019 ,
1130 2967 1312 3010 verum..-

341 3026 463 3067 ctiam
479 3037 738 3079 quecumque
766 3022 831 3066 vel
865 3024 1043 3080 lymbola
1058 3051 1074 3075 ,
1101 3024 1162 3069 vei
1177 3024 1313 3079 imagi·

343 3098 412 3126 nes
422 3113 438 3133 ,
450 3094 518 3127 aut
534 3081 670 3137 figure
684 3108 698 3131 ‚
709 3093 830 3133 atque
844 3088 972 3129 omnis
988 3086 1151 3128 demum
1164 3081 1311 3140 species

341 3142 447 3185 mala
462 3168 477 3191 ‚
493 3141 648 3197 ipiaque
664 3142 790 3184 veluti
805 3142 943 3187 umbra
957 3171 972 3194 ‚
1000 3144 1042 3187 δι
1055 3141 1165 3188 odor
1179 3143 1309 3188 ethni·

342 3214 396 3244 ce
409 3199 691 3255 superstitionis
706 3200 757 3243 ab
773 3199 860 3254 ipsis
884 3201 1175 3251 eliminentur,
1203 3200 1308 3245 illud

341 3262 565 3308 cogitantes
579 3287 594 3312 ,
605 3257 799 3312 eiusmodi
815 3263 1078 3305 coeremoniis
1094 3289 1109 3316 ,
1127 3260 1310 3316 vanisque

342 3317 687 3363 observationibus
713 3345 729 3370 ,
751 3330 839 3372 qu·
865 3319 1111 3364 idololatriae
1137 3320 1312 3376 reliquie

345 3378 428 3421 sunt
452 3405 467 3427 ,
477 3390 615 3421 earum
627 3376 819 3421 Gentium
846 3378 1000 3421 animos
1026 3377 1310 3422 inextricabili·

343 3439 417 3480 bus
450 3438 575 3482 veluti
606 3436 760 3494 laqueis
773 3440 918 3480 irretiri
936 3466 951 3488 ,
975 3451 1022 3481 ac
1041 3438 1217 3482 vetustos
1231 3436 1310 3490 ali,

342 3495 656 3554 confirmarique
671 3508 830 3539 errores
843 3522 858 3546 ‚
887 3497 1034 3554 quibus
1050 3497 1193 3540 misere
1208 3498 1309 3539 deti-

343 3558 538 3598 nebantur
555 3584 566 3598 .
596 3558 723 3617 Quod
739 3553 764 3598 fi
783 3554 939 3612 aliquos
973 3557 1195 3613 Regionum
1227 3555 1312 3598 illa·

346 3629 434 3658 rum
454 3617 752 3666 Fidele-sacnti
770 3618 957 3671 parvulos
974 3620 1106 3659 adhuc
1122 3615 1309 3658 annuan-

345 3684 409 3716 tcs
427 3705 441 3726 ,
456 3676 707 3774 l’ssganorum
719 3687 972 3732 contemptus
990 3704 1004 3726 ,
1029 3675 1313 3724 contumelias,

346 3741 409 3772 tut
424 3746 490 3787 per
509 3744 716 3778 ecuttoncs
731 3761 746 3787 ,
773 3747 936 3793 propter
964 3735 1147 3779 hcclclia
1163 3748 1312 3792 preec-

1079 120 1616 211 monumenta

1378 279 1537 323 prorum
1553 296 1568 318 ,
1583 269 1622 308 δι
1637 265 1807 310 Rituum
1822 264 2138 317 observantiam,
2157 265 2353 311 formida-

1373 342 1417 368 re
1436 327 1734 380 conspexerint,
1752 326 1852 369 illud
1868 325 1954 382 ipsis
1971 325 2125 367 illustre
2142 329 2356 381 monitum,

1376 387 1485 439 quod
1518 388 1684 428 sanctus
1707 387 1945 442 Augustinus
1978 383 2165 427 Eccleliae
2195 389 2352 429 Doctor

1376 445 1415 484 in
1430 443 1516 498 pari
1532 456 1775 498 argumento
1800 443 1962 500 reliquit
1982 469 1996 492 2
2009 455 2355 497 commemorare,

1373 513 1490 556 atque
1515 501 1718 546 inculcare
1747 518 1823 545 non
1853 503 2063 545 desinant:
2087 505 2131 542 Si
2145 508 2356 557 queritis,

1370 562 1470 603 unde
1496 566 1707 604 vincantur
1731 564 1878 617 Pagani
1898 588 1911 610 ,
1936 562 2038 602 unde
2049 560 2355 614 illumina-ntum

1368 619 1562 676 quodque
1574 619 1624 661 ad
1642 619 1745 675 ipsos
1778 620 1987 675 Evangelii
2016 631 2221 684 praecones
2253 634 2354 676 prae-

1367 692 1488 780 22⁹3}
1501 679 1647 778 322²?
1656 678 2356 793 {235335:235215‘2555532‘25;

1373 808 1503 838 eorus·
1516 824 1532 847 ,
1542 794 1704 850 dfin'tc
1716 809 1838 852 nugas
1857 797 2033 854 ipsbrum
2046 820 2057 832 -

1493 853 1691 897 Volumus
1717 865 1857 897 autem
1874 884 1892 906 ,
1917 865 2036 911 atque
2059 852 2316 898 decernimus
2333 883 2351 907 ,

1374 911 1531 956 easdem
1544 913 1750 967 praeicntes
1770 913 1948 957 Litteras
1961 940 1976 964 ,
1988 914 2028 955 δι
2045 913 2084 954 in
2105 911 2164 954 eis
2177 923 2351 956 conten-

1376 981 1419 1014 ta
1432 983 1688 1026 qua-cumque
1700 999 1715 1022 ,
1729 972 1852 1014 etiam
1867 986 1918 1015 ex
1933 986 1986 1016 eo
1998 1000 2014 1023 ,
2040 971 2151 1027 quod
2169 971 2353 1026 proediffl

1375 1028 1610 1071 Miffionarii
1625 1057 1642 1079 ,
1657 1043 1876 1086 eorumque
1892 1033 2180 1075 Procuratores
2191 1057 2219 1082 ,-
2232 1032 2273 1074 δι
2284 1031 2355 1074 alii
2375 1028 2382 1035 ’

1375 1089 1615 1143 quicumque
1633 1086 1671 1129 in
1688 1087 1886 1143 praemiffis
1913 1085 2100 1133 inter-effe
2126 1089 2349 1142 habentes,

1374 1146 1439 1190 leu
1455 1147 1606 1190 habere
1619 1145 1932 1201 quomodolibet
1949 1145 2265 1202 pretendentes,
2277 1161 2352 1190 cta-

1371 1204 1488 1263 jusvis
1505 1202 1624 1247 ssatus
1636 1233 1652 1255 ,
1682 1202 1831 1260 gradus
1845 1233 1858 1255 ,
1885 1205 2069 1255 ordinis,
2087 1205 2353 1259 praeeminen-

1373 1267 1437 1308 tiae
1451 1292 1467 1316 ,
1480 1265 1517 1306 δι
1533 1263 1749 1318 dignitatis
1762 1264 1928 1307 existant
1943 1291 1958 1316 ,
1991 1265 2057 1307 seu
2074 1261 2172 1305 aliis
2192 1261 2352 1317 specifi-

1372 1320 1721 1375 c3,&individu3
1737 1323 1968 1374 mentione,
1993 1323 2033 1365 &
2058 1319 2350 1377 expreffione...

1370 1383 1482 1437 digni
1497 1410 1514 1433 ,
1531 1380 1613 1422 illis
1627 1393 1707 1424 non
1724 1379 1997 1426 consenserint
2015 1411 2031 1434 ,
2047 1394 2121 1423 nec
2136 1380 2186 1422 ad
2203 1393 2250 1422 ea
2269 1395 2352 1426 vo-

1370 1442 1450 1484 cati
1467 1441 1507 1484 &
1519 1438 1643 1482 auditi
1659 1468 1676 1491 ,
1690 1438 1894 1498 causaeque
1908 1467 1921 1491 ,
1949 1449 2116 1496 propter
2133 1452 2233 1495 quas
2249 1453 2349 1496 prn-

1370 1499 1501 1544 sentcs
1526 1498 1797 1542 emanaverint
1822 1525 1838 1549 ,
1866 1497 2113 1542 sufficienter
2139 1497 2347 1551 adducta,

1371 1557 1582 1603 verificare
1595 1582 1608 1605 ,
1622 1557 1664 1599 &
1677 1556 1900 1615 justificate
1913 1570 1994 1600 non
2013 1555 2164 1601 fuerint
2176 1581 2192 1606 ⁵
2208 1566 2279 1601 aut
2293 1570 2344 1601 ex

1369 1619 1450 1662 alia
1463 1616 1647 1674 qualibet
1662 1641 1678 1665 s
1691 1617 1815 1660 etiam
1830 1617 2086 1672 quantumvis
2099 1613 2306 1671 juridica.-
2323 1644 2341 1667 ,

1369 1679 1411 1720 δι
1426 1675 1680 1733 privilegiata
1694 1673 1812 1718 causa
1823 1700 1838 1724 ‚
1855 1674 1998 1718 colore
2010 1701 2026 1724 ,
2050 1680 2247 1731 pretextu
2259 1701 2274 1722 ,
2305 1675 2347 1716 δε

1371 1737 1501 1792 capite
1514 1761 1531 1784 ‚
1545 1735 1671 1779 etiam
1689 1734 1728 1777 in
1742 1747 1919 1789 corpore
1940 1733 2040 1789 juris
2053 1732 2207 1783 clauso,
2226 1733 2349 1777 etiam

1369 1794 1569 1842 enormis,
1591 1792 1894 1846 enormiffimoe,
1921 1793 1962 1836 δι
1987 1792 2123 1835 totalis
2152 1792 2317 1835 loestonis
2331 1816 2350 1843 ,

1370 1852 1483 1898 nullo
1496 1865 1670 1907 unquam
1686 1862 1872 1908 tempore
1895 1851 1947 1895 de
1962 1849 2227 1907 subreptionis
2246 1881 2262 1903 ,
2284 1849 2352 1894 vel

1368 1911 1619 1964 obreptionis
1634 1939 1651 1963 ,
1665 1921 1732 1954 aut
1747 1910 1946 1954 nullitatis
1962 1910 2064 1952 vitio
2080 1936 2096 1959 ,
2126 1908 2190 1950 seu
2209 1909 2349 1952 inten-

1367 1970 1492 2013 tionis
1506 1969 1661 2012 Nostroe
1674 1995 1689 2020 ,
1706 1969 1769 2011 vel
1787 1965 1973 2011 interefl'e
1997 1967 2235 2010 habentium
2253 1980 2349 2009 con·

1369 2026 1498 2072 sensus
1513 2055 1527 2079 ,
1556 2026 1691 2069 aliove
1706 2025 1890 2082 quolibet
1908 2053 1924 2078 ,
1946 2025 2068 2071 etiam
2084 2025 2349 2083 quantumvis

1368 2099 1518 2143 magno
1533 2114 1547 2137 ,
1567 2084 1856 2129 &substantiali
1870 2110 1886 2134 ‚
1909 2098 1957 2129 ac
1971 2084 2280 2142 inexcogitato‚
2309 2085 2352 2129 δι

1370 2145 1701 2201 inexcogitabili,
1715 2143 2049 2201 individuamque
2063 2141 2351 2201 eapreffionem

1367 2202 1773 2259 requirentem-fectu
1790 2204 1945 2254 notari,
1954 2200 2352 2260 impugnaridnfrin·

1368 2261 1408 2319 gi
1420 2286 1437 2311 2
1451 2260 1668 2306 invalidari
1679 2287 1698 2312 ,
1707 2263 1915 2305 retraetari
1926 2288 1942 2313 ,
1973 2260 2014 2303 in
2027 2260 2348 2308 controverliatn

1371 2318 1506 2365 vocari
1518 2346 1535 2371 ,
1549 2329 1616 2361 aut
1647 2317 1699 2361 ad
1731 2317 1923 2362 terminos
1953 2315 2050 2374 juris
2077 2317 2219 2362 reduci
2232 2342 2258 2367 ,-
2278 2315 2347 2361 stu

1368 2376 1556 2422 adversus
1587 2375 1676 2421 illas
1702 2376 1934 2432 aperitionis
1950 2375 2036 2420 oris
2048 2401 2063 2427 2
2078 2374 2346 2421 restitutionis

1367 2437 1410 2480 in
1426 2436 1511 2480 inte
1542 2448 1630 2479 rum
1642 2462 1658 2488 ,
1669 2434 1835 2479 aliudve
1849 2433 2135 2495 quodcumque
2148 2433 2268 2495 juris,
2282 2433 2348 2478 sa-

1365 2495 1417 2539 cti
1433 2522 1450 2548 ,
1466 2508 1516 2539 ve
1543 2494 1676 2551 gratia
1688 2493 1912 2539 remedium
1931 2493 2125 2539 intentari
2141 2522 2157 2548 ,
2181 2493 2249 2539 vel
2272 2493 2349 2536 im-

1366 2556 1517 2612 petrari
1529 2565 1547 2608 3
1561 2550 1626 2597 scd
1651 2550 1747 2609 ipsas
1761 2550 1968 2609 pmsentes
1983 2553 2158 2598 Litteras
2182 2550 2342 2607 semper

1367 2611 1503 2656 firmas
1515 2637 1531 2662 ,
1545 2609 1697 2655 validas
1710 2637 1726 2661 ‚
1739 2611 1780 2655 δι
1795 2609 1982 2656 efficaces
2011 2610 2179 2656 existere
2192 2612 2263 2664 ,Bt
2280 2607 2348 2654 fo·

1369 2686 1416 2716 rc
1426 2696 1442 2722 s
1452 2666 1767 2728 quibuscumque
1777 2668 1899 2727 juris,
1912 2669 1978 2716 scu
1994 2668 2087 2714 faoi
2100 2667 2344 2719 defeaibut,

1366 2731 1434 2787 qui
1448 2726 1638 2773 adversus
1653 2726 1771 2781 illas,
1788 2730 1908 2774 ctiam
1962 2729 2172 2774 uorumvis
2196 2727 2219 2772 a
2240 2726 2347 2773 Sede

1369 2786 1525 2845 prefata
1540 2783 1815 2832 concefforum
1839 2742 2143 2846 privilegiorum
2169 2794 2344 2854 proetexg

1368 2859 1443 2901 tu,
1459 2846 1511 2891 ad
1524 2845 1708 2891 effectum
1722 2846 1969 2904 impediendi
1983 2874 1998 2900 ,
2028 2842 2091 2890 seu
2109 2842 2347 2892 retardanda

1368 2919 1503 2953 earum
1516 2909 1800 2950 executionem
1819 2934 1834 2959 ,
1849 2905 1997 2964 quovis
2012 2903 2152 2956 modo,
2169 2905 2348 2962 (cuqua-

1371 2966 1432 3010 vis
1446 2978 1497 3009 ex
1510 2961 1621 3009 causa
1634 2966 1786 3021 opponi
1800 2991 1816 3016 ,
1828 2962 1893 3011 stu
1907 2962 2030 3022 objici
2052 2962 2204 3020 pollent
2221 2991 2237 3017 ‚
2266 2960 2345 3006 mi·-

1370 3024 1477 3069 oime
1493 3021 1785 3079 refragantibus
1797 3049 1812 3074 ‚
1826 3026 1914 3069 suos
1930 3023 2132 3081 plenarioa
2143 3051 2159 3077 ,
2183 3024 2225 3067 δι
2238 3021 2346 3066 inte-

1369 3096 1462 3143 'ros
1478 3079 1637 3127 effedus
1653 3081 1804 3135 sortiri,
1817 3084 1857 3127 δι
1870 3083 2077 3136 obtinere,
2093 3079 2237 3139 easque
2254 3091 2345 3134 pro.

1371 3152 1511 3201 pterea
1524 3170 1539 3195 ,
1552 3141 1738 3185 omnibus'
1751 3167 1766 3190 .
1795 3142 1835 3186 Gt
1861 3141 2018 3200 lingulis
2031 3137 2344 3199 quomodolibet

1371 3201 1506 3246 allatis
1517 3229 1532 3254 ,
1551 3198 1616 3244 seu
1630 3198 1837 3246 afferendis
1849 3199 2152 3259 impedimentis
2166 3194 2340 3256 penitus·

1372 3262 1409 3304 δι
1424 3259 1593 3304 omnino
1606 3258 1759 3316 rejectis
1774 3287 1788 3312 ,
1801 3274 1847 3304 ac
1862 3273 2116 3321 nequaquam
2142 3254 2309 3304 attentis
2322 3281 2340 3308 ,

1370 3320 1422 3364 ab
1441 3318 1519 3363 illis
1535 3346 1551 3372 ,
1574 3318 1625 3362 ad
1643 3332 1743 3377 quos
1759 3318 1928 3378 spectat,
1960 3322 2090 3379 &pro
2103 3326 2341 3374 tempore-a

1370 3377 1708 3437 quandocumque
1725 3377 1914 3436 speaabit
1925 3407 1942 3433 ,
1967 3372 2259 3424 lneiolabillter
2274 3400 2289 3426 ,
2302 3372 2344 3416 δι

1370 3434 1605 3482 inconcusse
1621 3437 1857 3493 observatu
1885 3437 2015 3496 licque
2027 3465 2044 3492 ,
2069 3436 2110 3481 Bt
2126 3447 2206 3479 non
2220 3432 2342 3478 aliter

1372 3498 1411 3541 in
1430 3495 1627 3553 proetniffls
1645 3511 1717 3553 per
1737 3498 2007 3554 quoscumque
2029 3493 2186 3554 judices
2215 3489 2343 3536 Ordi-

1373 3557 1505 3601 natios
1517 3585 1532 3610 ,
1546 3557 1587 3600 Gt
1602 3555 1820 3614 oeli-gatos
1832 3583 1845 3608 ,
1857 3555 1980 3600 etiam
1993 3553 2170 3613 ejusdem
2184 3554 2223 3598 S·
2233 3550 2344 3597 RAEo'

1373 3615 1628 3669 cardinales,
1640 3617 1761 3659 etiarn
1774 3614 1826 3657 de
1839 3613 1966 3659 latere
1983 3616 2173 3672 Legatos,
2188 3614 2343 3668 &prn-

1375 3673 1464 3719 satoe
1478 3674 1593 3720 Sedis
1626 3674 1830 3723 Nuntios.
1858 3672 2004 3718 aliosve
2027 3672 2229 3729 quoslibet
2246 3680 2342 3725 qua-

1373 3749 1544 3792 cumque
1560 3732 1855 3791 ptoecntinentia
1869 3761 1882 3786 ,
1910 3734 1950 3778 δι
1961 3731 2154 3791 potestate
2171 3730 2342 3833 fu‘neeen-

2059 3803 2063 3810 ’
2272 3813 2287 3839 s
