2496 4172
1039 136 1466 249 Apostolica
1486 201 1504 218 .

224 274 499 321 ardentiffimo
524 276 656 322 fludio
673 280 872 331 intentus,
901 291 1024 336 quum
1052 278 1191 335 praedi·

225 336 346 380 candi
378 337 733 392 &evangelizandi
760 352 900 382 munus
925 352 972 381 ex
998 338 1190 382 obedien·

229 398 281 440 tia
299 407 461 450 gereret
474 425 488 447 ‚
518 398 746 442 incredibili
763 398 901 441 labore
914 411 959 438 ac
976 395 1092 449 zelo,
1114 411 1189 441 nec

229 455 384 498 minore
412 453 569 505 frusta,
613 467 704 500 toto
726 458 814 499 vitae
841 458 913 499 suae
942 455 1056 498 cursu
1081 456 1186 500 illud

231 516 361 556 obivit
376 543 387 555 .
421 516 625 570 Frequens
637 516 696 558 illi
713 526 799 558 erat
815 529 896 557 uno
907 515 1188 572 eodemquma

220 573 296 614 vdie
322 572 475 628 pluries
492 573 652 616 diver-fis
665 573 850 632 populis,
879 572 1046 616 divertis
1071 587 1189 629 argu-

233 633 382 674 mentis
397 659 411 682 ,
442 632 603 674 divertis
631 634 670 674 in
691 633 792 675 locis
815 632 945 675 sacras
972 633 1188 675 conciones

229 692 408 734 habere:
446 703 518 733 nec
548 699 677 734 tamen
702 692 799 734 ideo
823 690 1006 733 restincta
1033 692 1188 734 ardoris

230 749 284 791 sui
312 747 468 791 flamma
484 777 498 799 ,
529 750 730 803 gaudebat
745 750 913 806 privatis
936 751 1189 793 exhortatio-

223 809 346 851 nibus
363 807 572 851 hominess
590 808 696 850 vitiis
711 822 883 852 avocate
895 836 908 859 ,
927 809 977 850 ad
995 810 1187 853 virtutem

227 867 476 908 inflammare
488 893 502 916 ‚
532 878 677 918 pueros
693 869 733 910 δι
748 867 869 910 rudes
888 867 995 910 Fidei
1011 869 1186 911 elemen-

225 983 345 1025 etiam
369 982 418 1024 ad
435 981 667 1028 infidelium
694 996 853 1035 terras,
884 985 936 1028 ad
950 985 1072 1041 ipsam
1098 990 1186 1029 Ma-

227 1043 449 1086 humeranae-
474 1042 685 1096 impietatis
711 1059 847 1088 arcem
869 1035 1185 1099 quumaceeffis-

228 1102 321 1152 set-5
344 1114 424 1144 non
455 1100 578 1144 modo
594 1102 795 1146 Fidelibus
819 1105 858 1146 in
876 1103 1091 1159 Babylonis
1118 1118 1184 1146 ca-

226 1159 416 1216 ptivitate
431 1159 672 1215 degentibus
695 1170 916 1218 opportuna
932 1163 1065 1205 attulit
1089 1176 1186 1205 con-

226 1217 424 1262 servanda:
441 1218 642 1273 Religioni
663 1221 829 1275 praefidia
843 1247 857 1270 ,
888 1220 952 1264 sed
969 1221 1101 1276 plures
1115 1221 1184 1263 In-

225 1275 365 1320 fidel-es
392 1276 443 1319 ad
460 1276 693 1322 Christianae
708 1280 887 1322 veritatis
903 1279 1033 1323 lucem
1061 1291 1185 1336 quum

225 1335 472 1388 adduxisset,
501 1338 810 1382 exterminanda
834 1338 1044 1394 impietatis
1071 1337 1185 1392 cupi-

226 1392 427 1441 diffimus,
458 1406 538 1436 non
553 1396 756 1440 dubitavit
778 1395 903 1452 ipsum
920 1396 1081 1454 imperii
1098 1399 1186 1450 Ty-

226 1464 396 1495 rannum
422 1450 463 1494 in
477 1452 621 1495 Palatii
648 1455 702 1498 sui
716 1456 990 1512 penetralibus
1019 1454 1188 1509 intrepi-

227 1509 279 1553 da
306 1510 507 1553 charitate
533 1511 711 1566 adoriri,
755 1521 799 1557 ut
823 1514 860 1556 ei
886 1515 1187 1571 Evangelium...

227 1569 376 1612 christi
403 1571 689 1615 annunciaret.
721 1572 849 1631 Qod
874 1574 964 1616 sane
989 1570 1189 1626 magnani-

226 1640 333 1669 mum
363 1627 512 1670 facinus
528 1654 542 1676 ‚
573 1644 697 1684 quum
722 1631 971 1674 inscrutabili
991 1627 1186 1683 Deijudi-

219 1684 344 1727 ‘cioiu
360 1685 517 1727 irritum
531 1685 719 1740 ceffiffet,
749 1687 1121 1745 regreffusJossm
1147 1686 1187 1728 in

227 1743 388 1786 Italiam
404 1769 418 1792 ,
443 1744 641 1799 reliquum
661 1746 751 1789 vitae
766 1747 932 1801 spatium
947 1747 988 1789 in
1003 1746 1188 1789 Domini-

223 1809 283 1854 ’σε
299 1804 431 1844 Vineae
444 1803 628 1856 cultura,
659 1818 731 1859 per
748 1806 914 1861 Aprutii
928 1804 1187 1862 potiffimum,

227 1860 456 1912 &Umbria
475 1863 707 1905 Provincias
723 1864 920 1919 impendit
935 1892 945 1903 ·

259 1941 262 1946 -
308 1929 309 1932 ’
342 1921 390 1960 ln
406 1932 472 1960 eas
486 1933 613 1975 porro
657 1922 835 1964 eminum
850 1923 1048 1966 Doctrina
1061 1926 1100 1966 δι
1114 1924 1188 1968 Mi-

227 1975 452 2043 sericordiae
467 1977 538 2022 suoe
552 1980 620 2021 the
639 1993 777 2023 aurum
792 1980 933 2024 effudit
947 1994 963 2034 ;
994 1983 1030 2024 &
1046 1982 1162 2027 fienti-
1173 2009 1188 2032 s

226 2037 458 2149 235331‘42-‘5
472 2037 1189 2153 ,fi‡„?232?.32⁶⁰;3÷132¹5;2“s¹;3¹3;

226 2152 425 2196 utiliffime
442 2150 594 2213 semper
607 2155 863 2201 adlaboravit
876 2187 894 2209 ,
922 2160 979 2200 ita
993 2158 1043 2201 ad
1057 2158 1189 2202 suble-

223 2211 375 2255 vandos
390 2225 530 2255 omnes
563 2215 601 2257 in
619 2214 734 2272 hujus
750 2216 843 2260 vitae
864 2217 1049 2273 angustiis
1073 2215 1187 2259 &as-

225 2269 466 2312 flietionibus
481 2273 746 2327 constitutos,
776 2275 1026 2319 admirabilis
1051 2276 1186 2318 chari·-

224 2328 320 2369 tatis
344 2340 508 2382 operam
535 2330 806 2373 indesinenter
829 2336 1009 2377 exercuit
1027 2363 1039 2376 .
1068 2337 1187 2391 Qos

223 2385 331 2428 enim
359 2384 408 2427 ad
425 2385 609 2429 Coelestis
633 2387 892 2432 beatitudinis
913 2390 1043 2434 sedem
1059 2392 1183 2435 veluti

220 2441 492 2488 ananuducere
503 2447 723 2489 conabatur
736 2475 750 2499 ,
763 2450 888 2491 cosin
905 2450 1043 2493 mundi
1067 2450 1183 2506 hujus

222 2499 730 2559 catamitatibusoppreffoa
743 2505 880 2560 jacere
890 2535 905 2557 ,
934 2514 1185 2563 quantumin

222 2558 440 2616 ipsoerat,
472 2562 634 2604 minime
651 2562 905 2617 patiebatur.
941 2568 1084 2621 ltaque
1115 2580 1184 2621 pa-

223 2629 317 2660 rum
332 2615 414 2668 est,
438 2617 552 2673 quod
574 2631 766 2673 pauperes
792 2634 932 2663 omnes
957 2625 1007 2665 ad
1024 2623 1062 2666 se
1087 2637 1186 2666 con-

225 2673 428 2729 fugientes
443 2703 458 2727 ,
481 2675 605 2718 immo
621 2677 749 2720 verius
764 2678 1033 2724 studiofiffime
1055 2682 1077 2723 ὲ
1096 2681 1188 2730 se)

229 2732 498 2789 conquisitos,
519 2737 794 2780 omniratione
807 2736 966 2794 juvabat
976 2770 991 2791 ,
1014 2741 1125 2794 quod
1138 2741 1187 2782 iis

225 2804 307 2834 non
333 2791 458 2834 solum
483 2793 620 2836 mensae
637 2794 851 2851 reliquias,
882 2798 946 2841 sed
967 2798 1089 2853 ipsum
1114 2814 1184 2855 pa-

226 2858 356 2892 ratum
382 2850 451 2892 fibi
466 2852 626 2901 eibum,
651 2862 770 2908 atque
784 2856 903 2898 etiam
921 2855 1078 2900 labores
1102 2871 1186 2900 ma·-

226 2921 347 2950 nuum
377 2907 535 2952 suarum
559 2910 842 2967 largiebatur3
881 2916 987 2970 quod
1015 2927 1186 2971 aegrotos

225 2967 426 3021 quoslibet
452 2967 648 3020 invisere,
675 2970 818 3027 eosque
842 2974 916 3028 piis
942 2975 1185 3018 hortationi-

227 3027 296 3068 bus
319 3024 548 3083 asljduisque
560 3026 700 3072 officiis
728 3043 772 3072 ac
786 3032 1011 3076 ministeriis
1041 3031 1184 3077 refice-

227 3097 278 3125 re»
300 3097 500 3140 nunquam
527 3088 885 3143 praetermittebat3
907 3091 1016 3148 quod
1042 3107 1182 3136 carce-

226 3143 335 3183 ribus
361 3141 532 3186 inclusos
561 3143 708 3199 solari,
735 3147 919 3203 pascere,
950 3159 1076 3207 atque
1097 3153 1148 3193 iis>
1169 3181 1183 3205 ,

227 3201 295 3243 vel
313 3200 490 3256 judicum
507 3201 761 3247 clementiam
773 3236 790 3258 ,
814 3207 1178 3254 verereditorum„

228 3259 515 3314 benignitatem
529 3262 745 3306 concilia-re
758 3267 924 3308 curabat
935 3267 1034 3310 :Sed
1047 3279 1190 3312 extant

227 3317 278 3360 ad
302 3320 411 3360 hunc
434 3320 676 3376 usque-diem
693 3323 846 3365 eximiae
870 3325 984 3379 ipstus
1009 3327 1184 3370 charita-

228 3375 280 3417 tis
301 3379 491 3432 perennia
510 3391 770 3423 monumenta
797 3382 834 3424 in
852 3383 1019 3437 publicis
1038 3384 1183 3440 Hospi-

228 3433 321 3485 tiis,
347 3449 422 3487 pro
446 3436 722 3488 infirmorum,
750 3448 820 3482 aut
847 3443 1185 3496 peregrinorum..

229 3489 440 3551 perffigio,
468 3496 507 3539 in
521 3498 910 3541 Montibus-Pietatis
936 3513 1012 3555 pro
1036 3514 1185 3556 paupea-

229 3562 317 3590 rum
331 3549 496 3598 subfidio
509 3585 525 3606 ,
549 3570 621 3612 per
635 3570 774 3600 earum
793 3557 1014 3612 Regionum
1029 3559 1186 3602 Civita-

230 3617 291 3649 tes
318 3610 358 3650 8(
382 3612 553 3666 oppida,
584 3613 670 3671 iplb
698 3615 942 3672 potiffimum·
966 3617 1189 3672 hortante;

225 3679 490 3769 ?r3m(}{'·cnte
505 3698 520 3724 ,
542 3685 584 3714 ac
603 3685 797 3726 curante,
818 3676 962 3719 eret‘tis
974 3704 990 3728 ‚
1005 3674 1154 3719 dotatis
1167 3704 1182 3730 ,

225 3739 264 3768 in
303 3741 344 3769 ru
389 3742 420 3772 is
440 3758 452 3771 .

1366 279 1472 320 Cum
1489 287 1631 337 autem*
1649 278 1689 320 in
1703 281 1855 326 affiduis
1871 288 2091 343 hujusmod.
2115 308 2212 351 praed

1250 336 1464 379 dicationis
1489 335 1810 379 &beneficentiae
1823 349 2007 394 operibus
2035 354 2212 396 immenti

1248 394 1374 438 effent
1396 395 1510 451 ipfius
1525 395 1708 443 labores,
1731 409 1885 449 equum
1902 404 2076 451 profecto
2092 420 2181 450 erat
2195 439 2213 461 ,

1247 466 1294 497 ut
1308 468 1526 510 congruam
1544 453 1702 495 viciffim
1726 457 1889 508 corpori
1912 463 2119 516 animoque
2138 467 2214 509 suo

1249 514 1429 570 quietem
1465 514 1504 554 δι
1538 513 1832 554 relaxationem
1867 526 1946 554 non
1972 516 2171 564 invideret
2194 552 2209 564 .

1251 575 1546 628 Hancjosenu
1575 572 1614 614 in
1640 571 1829 626 religiosa
1860 573 2098 616 Divinarum
2124 592 2216 628 pre-

1250 647 1342 677 cum
1360 631 1627 682 recitatione,
1654 645 1700 673 ac
1717 630 1958 686 potiffimum
1985 636 2024 673 in
2038 631 2215 676 solitaria

1249 691 1440 735 oratione
1455 718 1470 742 ‚
1494 700 1615 745 atque
1634 692 1673 733 in
1687 703 1820 733 rerum
1837 691 2077 734 Coeleiiium
2094 693 2217 734 medi-

1249 751 1403 794 tatione
1419 748 1631 806 capiebats
1664 763 1836 807 quarum
1852 764 2018 801 amore,
2043 751 2217 807 integras

1248 808 1342 865 sae'pe
1369 812 1508 852 nostes
1535 819 1630 851 ante
1653 808 1845 853 Crucifixi
1867 810 2028 852 Domini
2055 810 2108 851 sui
2131 810 2218 852 effi·

1214 918 1217 919 ⁷
1249 869 1354 925 giem
1371 869 1568 911 insomnes
1583 868 1756 911 ducebat
1769 898 1783 919 ,
1811 880 1932 924 atque
1947 871 1987 910 in
2003 867 2089 921 ejus
2104 870 2215 912 boni.

228 925 279 968 tis
293 952 307 975 ,
323 922 626 980 Christiamique
642 924 824 978 dostrini
837 927 1042 970 imbuere.
1073 928 1186 984 Quin
1212 924 1214 927 ’

1247 927 1342 970 tatis
1376 926 1460 970 finu
1490 925 1745 983 acquiescens
1770 956 1786 978 ,
1818 928 1857 968 in
1885 926 2079 970 immensa·
2106 928 2216 971 illius

1246 986 1456 1030 charitatis
1486 983 1732 1042 profundum
1764 987 1803 1029 se
1837 986 2074 1042 immergens
2097 1015 2111 1038 ,
2147 986 2216 1043 ipfi

1246 1043 1382 1094 suam,
1408 1044 1476 1100 ipfi
1497 1043 1680 1088 Ecclefiae
1695 1042 1880 1093 causam,
1908 1044 1975 1100 ipfi
2002 1045 2217 1090 laborum..

1245 1101 1418 1158 fructum
1432 1103 1607 1158 impense
1618 1115 1878 1160 amanterque
1889 1105 2216 1146 commendabat.

1246 1162 1311 1204 Ad
1328 1175 1450 1218 quem
1464 1175 1585 1214 porro
1600 1162 1743 1205 divinae
1758 1161 1942 1206 amicitia.-
1959 1163 2214 1219 gradumJo-

1247 1234 1357 1263 sevis
1370 1221 1531 1263 evenus
1548 1220 1692 1272 fuerit,
1721 1222 1816 1262 tuto
1828 1220 2029 1274 conjicere
2047 1222 2144 1263 licet
2161 1235 2214 1264 ex

1245 1279 1503 1334 singularibus
1528 1278 1671 1326 donis,
1695 1279 1832 1333 quibus
1860 1278 2103 1334 glorificavit
2120 1294 2213 1323 eum

1249 1339 1358 1379 Deus
1383 1338 1422 1379 in
1445 1338 1653 1391 conspeetu
1685 1337 1921 1387 hominum3
1950 1348 1994 1379 ut
2024 1339 2216 1380 nimirum

1249 1394 1405 1438 secreta
1434 1395 1617 1438 cordium
1649 1392 1929 1449 introspiceret
1955 1419 1971 1440 ,
2008 1394 2215 1441 absentia,

1248 1463 1435 1511 tanquam
1449 1453 1860 1504 videns,enunciaret,
1874 1449 2005 1492 sutura
2021 1453 2216 1505 praedice·

1249 1522 1311 1554 ret
1327 1541 1342 1564 ,
1368 1522 1520 1555 naturae
1535 1523 1654 1568 atque
1668 1509 1876 1552 elementis
1893 1509 2131 1553 mirabiliter
2145 1512 2218 1554 im·

1247 1579 1430 1624 peraret.
1464 1570 1570 1627 Qiis
1599 1578 1732 1611 autem
1750 1567 1881 1613 valeat
1906 1581 2096 1612 enarrare
2119 1570 2218 1613 bea·

1248 1637 1307 1670 tas
1325 1626 1414 1670 illas
1437 1626 1819 1670 communicationes
1845 1640 1890 1668 ac
1908 1625 2131 1679 spirituales
2145 1630 2217 1671 de·

1249 1685 1362 1729 licias
1379 1715 1394 1738 ‚
1417 1685 1561 1742 quibus
1590 1686 1854 1740 Omnipotens
1886 1686 1994 1725 Deus
2020 1684 2216 1729 fidelem

1249 1744 1419 1788 Servum
1434 1744 1547 1788 suum
1562 1744 1771 1787 cumulare
1787 1742 1965 1785 solebat?
1998 1745 2103 1786 Satis
2132 1745 2210 1785 ha:-

1247 1802 1448 1846 manifeste
1464 1805 1708 1860 apparebant
1727 1814 1778 1843 ex
1795 1801 2066 1857 frequentibus
2079 1801 2214 1856 adspi-

1248 1864 1494 1915 rationibus,
1510 1861 1783 1917 affectibusque
1797 1859 2078 1904 ardentiffimis
2090 1890 2104 1915 ,
2118 1860 2212 1917 qui-

1248 1923 1319 1966 bus
1331 1949 1346 1972 ,
1372 1924 1411 1965 in
1426 1922 1568 1965 mediis
1589 1920 1710 1963 etiarn
1724 1918 1924 1961 ministerii
1939 1916 1995 1961 sui
2031 1933 2214 1976 occupa-

1248 1981 1448 2032 tionibus,
1476 1980 1715 2037 praegustatae
1730 1976 1933 2020 suavitatis
1948 1991 2102 2020 memor
2114 2006 2129 2028 ‚
2150 1991 2215 2020 to·-

1248 2050 1312 2084 tus
1334 2041 1372 2083 in
1390 2043 1518 2083 Deum
1534 2037 1764 2088 serebatur3
1792 2034 1883 2078 satis
1900 2038 2085 2079 intimam
2108 2036 2220 2079 illius

1249 2100 1386 2142 animae
1401 2100 1586 2143 unionem
1612 2110 1701 2140 cum
1718 2097 1809 2137 Deo
1823 2096 2042 2138 testabatur
2067 2098 2219 2149 imper-

1249 2158 1462 2202 turbabilis
1478 2157 1549 2199 illa
1564 2170 1663 2213 pax,
1684 2168 1806 2210 quam
1822 2154 1950 2194 secum
1965 2155 2005 2196 δι
2018 2168 2109 2195 cum
2127 2166 2219 2207 pro-

1247 2219 1357 2259 ximo
1385 2216 1425 2258 in
1440 2217 1551 2257 omni
1581 2226 1720 2258 rerum
1738 2211 2002 2256 viciffitudine
2028 2212 2214 2255 constan·

1248 2285 1311 2319 tet
1331 2275 1544 2318 servabat.

1366 2335 1481 2376 Hane
1505 2345 1642 2388 pacem
1659 2360 1673 2382 ,
1697 2345 1815 2390 quam
1834 2332 2023 2375 Salvator
2042 2331 2219 2383 Noster,

1245 2393 1310 2435 sua
1334 2402 1469 2434 morte
1483 2392 1598 2434 nobis
1620 2392 1875 2446 acquisitam,
1900 2391 2094 2446 exemplis
2116 2404 2215 2446 prae·

1243 2449 1453 2507 ceptisque
1473 2449 1550 2493 suis
1564 2450 1886 2493 commendatam
1899 2479 1913 2501 ,
1943 2450 2066 2493 veluti
2084 2460 2217 2504 pater·

1244 2523 1337 2551 nam
1372 2509 1648 2551 hereditatem
1675 2509 1879 2563 discipulis
1905 2507 1984 2550 suis
2013 2508 2177 2564 reliquit
2200 2534 2217 2556 ‚

1247 2568 1348 2608 banc
1360 2569 1524 2622 lotari-1
1542 2569 1582 2607 in
1597 2569 1777 2608 omnium
1796 2566 1998 2607 Fidelium
2013 2567 2210 2608 cordibus

1246 2622 1388 2666 sedulo
1416 2624 1600 2679 plantare
1628 2623 1812 2673 curavit,
1837 2623 1876 2664 in
1897 2624 2026 2679 eique
2059 2622 2212 2678 potim-

1247 2696 1354 2725 mum
1377 2681 1694 2736 evangelizanda
1710 2681 1912 2737 prosperos
1938 2693 2060 2736 atque
2093 2682 2212 2722 mira.-

1246 2741 1350 2784 biles
1366 2738 1554 2783 fiicceffus
1570 2740 1744 2782 obtinuit
1760 2766 1772 2780 .
1809 2740 2017 2782 Ardebant
2037 2738 2215 2782 (το-Γεω-

1247 2801 1291 2843 lo
1318 2801 1426 2842 inter
1447 2797 1633 2840 finitimas
1658 2798 1933 2853 predictarum
1953 2799 2216 2852 Regionum-2

1247 2858 1452 2902 Civitates
1479 2857 1720 2910 inimicitia,
1745 2858 1851 2899 inter
1868 2857 2036 2899 familias
2061 2856 2216 2898 discor-

1245 2917 1320 2960 dic
1334 2918 1374 2958 δε
1389 2915 1604 2958 fimultates
1615 2943 1629 2965 ,
1652 2917 1757 2958 inter
1772 2916 1986 2971 plerosque
1999 2916 2122 2958 Cives
2137 2914 2214 2956 dis-

1246 2975 1439 3018 senfiones
1455 2976 1495 3016 δι
1507 2975 1627 3027 odia3
1648 2974 1822 3028 indeque
1838 2975 2034 3017 tumultus
2049 2975 2086 3015 a:
2103 2975 2216 3025 rixae,

1246 3033 1550 3091 frequentesque
1560 3033 1686 3076 caedes
1699 3035 1742 3076 δι
1752 3034 1970 3077 homicidia
1985 3060 1998 3084 ,
2025 3046 2119 3074 curn-
2131 3046 2205 3085 po-

1243 3094 1431 3150 pulorum
1456 3093 1647 3144 excidio,
1673 3093 1830 3149 Deique
1856 3090 2033 3142 offensa,
2059 3091 2100 3132 in
2124 3091 2218 3133 dies

1246 3153 1506 3195 oriebantur.
1537 3154 1655 3198 Hanc
1669 3164 1766 3205 ergo
1782 3149 1910 3194 veluti
1941 3149 2211 3193 surientiunu

1245 3210 1411 3253 leonum
1428 3210 1564 3252 silvam
1579 3207 1940 3266 ingreffusJoseru
1953 3235 1966 3258 ,
1987 3207 2207 3249 succinctus

1245 3272 1411 3325 pedor-a
1421 3269 1585 3311 baltheo
1609 3269 1816 3312 charitatis
1831 3298 1846 3320 ‚
1868 3269 1909 3308 δι
1926 3266 2127 3309 calceatus
2142 3279 2211 3317 pe-

1243 3329 1317 3371 des
1346 3329 1386 3371 in
1413 3329 1702 3384 praeparatione
1721 3326 1931 3380 Evangelii
1955 3324 2082 3380 pacis,
2110 3321 2210 3364 fidei

1244 3394 1398 3433 scutum
1412 3413 1427 3436 ‚
1440 3387 1677 3442 galeamque
1688 3385 1824 3427 salutis
1839 3381 2055 3431 affumens,
2069 3382 2104 3422 &
2119 3381 2209 3434 gia.-

1243 3442 1485 3501 diospiriti‘as
1499 3474 1513 3496 ,
1540 3444 1648 3500 quod
1663 3444 1719 3486 est
1738 3445 1919 3485 Verbum
1938 3441 2039 3491 Dei,
2070 3440 2212 3481 instru—

1245 3506 1330 3545 etus
1350 3532 1366 3554 ,
1397 3513 1599 3544 tumentes
1630 3502 1806 3556 undique
1833 3502 1915 3541 iras
1936 3496 2166 3552 compreffit
2192 3525 2208 3549 ,

1244 3561 1338 3605 odia
1353 3561 1531 3604 restinxit
1544 3589 1559 3612 ‚
1587 3569 1707 3615 atque
1730 3560 1891 3601 efferata
1907 3557 2056 3600 dudum
2084 3555 2205 3598 corda

1241 3619 1470 3662 Christianae
1495 3619 1601 3674 pacis
1615 3617 1809 3660 suavitate
1826 3615 2040 3667 demulsit,
2073 3625 2116 3656 ut
2130 3628 2206 3656 no·

1243 3691 1292 3719 va
1320 3676 1478 3732 prorsus
1507 3677 1699 3731 Regionis
1727 3673 1878 3725 facies,
1909 3674 2003 3716 novi
2033 3675 2205 3729 populo-

1242 3749 1330 3780 rum
1343 3748 1486 3778 mores
1497 3735 1609 3779 brevi
1625 3743 1806 3790 tempore
1818 3734 2071 3790 apparuerint
2087 3744 2110 3785 ᾗ,
2129 3732 2208 3802 ιῐρίί

2053 3804 2150 3833 vero
