<?xml version="1.0" encoding="UTF-8"?>
<!DOCTYPE html PUBLIC "-//W3C//DTD XHTML 1.0 Transitional//EN"
    "http://www.w3.org/TR/xhtml1/DTD/xhtml1-transitional.dtd">
<html xmlns="http://www.w3.org/1999/xhtml" xml:lang="en" lang="en">
 <head>
  <title>
</title>
<meta http-equiv="Content-Type" content="text/html;charset=utf-8" />
  <meta name='ocr-system' content='tesseract 3.04.00' />
  <meta name='ocr-capabilities' content='ocr_page ocr_carea ocr_par ocr_line ocrx_word'/>
</head>
<body>
  <div class='ocr_page' id='page_1' title='image "./bullariumordinis07cath/bullariumordinis07cath_0219.png"; bbox 0 0 2496 4172; ppageno 0'>
   <div class='ocr_carea' id='block_1_1' title="bbox 1037 155 1573 273">
    <p class='ocr_par' dir='ltr' id='par_1_1' title="bbox 1037 155 1573 273">
     <span class='ocr_line' id='line_1_1' title="bbox 1037 155 1573 273; baseline 0 -31"><span class='ocrx_word' id='word_1_1' title='bbox 1037 195 1041 209; x_wconf 54' lang='lat'><strong>«</strong></span> <span class='ocrx_word' id='word_1_2' title='bbox 1091 155 1573 273; x_wconf 70' lang='lat' dir='ltr'>Apofi&#39;olica.</span> 
     </span>
    </p>
   </div>
   <div class='ocr_carea' id='block_1_2' title="bbox 432 300 1280 361">
    <p class='ocr_par' dir='ltr' id='par_1_2' title="bbox 432 300 1280 361">
     <span class='ocr_line' id='line_1_2' title="bbox 432 300 1280 361; baseline -0.009 -9"><span class='ocrx_word' id='word_1_3' title='bbox 432 312 582 353; x_wconf 79' lang='lat' dir='ltr'>Datum</span> <span class='ocrx_word' id='word_1_4' title='bbox 599 307 733 351; x_wconf 83' lang='lat' dir='ltr'>Romae</span> <span class='ocrx_word' id='word_1_5' title='bbox 749 304 852 361; x_wconf 83' lang='lat' dir='ltr'>apud</span> <span class='ocrx_word' id='word_1_6' title='bbox 873 304 1051 344; x_wconf 65' lang='lat' dir='ltr'>sanciam</span> <span class='ocrx_word' id='word_1_7' title='bbox 1078 300 1280 344; x_wconf 52' lang='lat' dir='ltr'>Mariam.)</span> 
     </span>
    </p>
   </div>
   <div class='ocr_carea' id='block_1_3' title="bbox 311 344 1283 485">
    <p class='ocr_par' dir='ltr' id='par_1_3' title="bbox 311 344 1283 485">
     <span class='ocr_line' id='line_1_3' title="bbox 317 344 1280 425; baseline -0.011 -12"><span class='ocrx_word' id='word_1_8' title='bbox 317 344 515 425; x_wconf 74' lang='lat' dir='ltr'>Maiorem</span> <span class='ocrx_word' id='word_1_9' title='bbox 545 366 616 410; x_wconf 89' lang='lat' dir='ltr'>sub</span> <span class='ocrx_word' id='word_1_10' title='bbox 647 363 805 410; x_wconf 83' lang='lat' dir='ltr'><strong>Annulo</strong></span> <span class='ocrx_word' id='word_1_11' title='bbox 835 362 1046 421; x_wconf 73' lang='lat' dir='ltr'>piscatoris</span> <span class='ocrx_word' id='word_1_12' title='bbox 1089 361 1155 402; x_wconf 92' lang='lat' dir='ltr'>die</span> <span class='ocrx_word' id='word_1_13' title='bbox 1186 373 1280 402; x_wconf 81' lang='lat' dir='ltr'>xiv.</span> 
     </span>
     <span class='ocr_line' id='line_1_4' title="bbox 311 419 1283 485; baseline -0.007 -16"><span class='ocrx_word' id='word_1_14' title='bbox 311 428 484 485; x_wconf 83' lang='lat' dir='ltr'>Januarii</span> <span class='ocrx_word' id='word_1_15' title='bbox 497 441 652 470; x_wconf 72' lang='lat' dir='ltr'>ranem.</span> <span class='ocrx_word' id='word_1_16' title='bbox 670 419 929 468; x_wconf 78' lang='lat' dir='ltr'>Pontificatfis</span> <span class='ocrx_word' id='word_1_17' title='bbox 943 420 1060 462; x_wconf 83' lang='lat' dir='ltr'>nostri</span> <span class='ocrx_word' id='word_1_18' title='bbox 1077 422 1196 462; x_wconf 86' lang='lat' dir='ltr'>Anno</span> <span class='ocrx_word' id='word_1_19' title='bbox 1211 423 1283 463; x_wconf 88' lang='lat' dir='ltr'>Se-</span> 
     </span>
    </p>
   </div>
   <div class='ocr_carea' id='block_1_4' title="bbox 315 487 477 542">
    <p class='ocr_par' dir='ltr' id='par_1_4' title="bbox 315 487 477 542">
     <span class='ocr_line' id='line_1_5' title="bbox 315 487 477 542; baseline -0.006 -13"><span class='ocrx_word' id='word_1_20' title='bbox 315 487 446 542; x_wconf 89' lang='lat' dir='ltr'>ptimo</span> <span class='ocrx_word' id='word_1_21' title='bbox 463 515 477 528; x_wconf 88' lang='lat'><strong>.</strong></span> 
     </span>
    </p>
   </div>
   <div class='ocr_carea' id='block_1_5' title="bbox 372 594 1280 719">
    <p class='ocr_par' dir='ltr' id='par_1_5' title="bbox 372 594 1280 719">
     <span class='ocr_line' id='line_1_6' title="bbox 372 594 1280 717; baseline -0.015 -70"><span class='ocrx_word' id='word_1_22' title='bbox 372 606 518 717; x_wconf 48' lang='grc' dir='ltr'>Αιῗρῗ.</span> <span class='ocrx_word' id='word_1_23' title='bbox 531 605 575 644; x_wconf 76' lang='grc' dir='ltr'>ἱη</span> <span class='ocrx_word' id='word_1_24' title='bbox 589 598 839 656; x_wconf 67' lang='lat' dir='ltr'>Aah-pred.</span> <span class='ocrx_word' id='word_1_25' title='bbox 849 596 967 642; x_wconf 58' lang='lat' dir='ltr'>mens?</span> <span class='ocrx_word' id='word_1_26' title='bbox 977 595 1032 646; x_wconf 66' lang='grc' dir='ltr'><em>ὰ</em></span> <span class='ocrx_word' id='word_1_27' title='bbox 1045 608 1138 639; x_wconf 85' lang='lat' dir='ltr'>ann·</span> <span class='ocrx_word' id='word_1_28' title='bbox 1150 594 1280 650; x_wconf 66' lang='lat' dir='ltr'>prad.</span> 
     </span>
     <span class='ocr_line' id='line_1_7' title="bbox 449 674 592 719; baseline 0.014 -17"><span class='ocrx_word' id='word_1_29' title='bbox 449 675 471 702; x_wconf 89' lang='lat' dir='ltr'><em>o</em></span> <span class='ocrx_word' id='word_1_30' title='bbox 490 689 501 702; x_wconf 92' lang='lat'><strong>.</strong></span> <span class='ocrx_word' id='word_1_31' title='bbox 521 674 542 702; x_wconf 82' lang='lat'>2</span> <span class='ocrx_word' id='word_1_32' title='bbox 548 675 592 719; x_wconf 89' lang='lat'>9.</span> 
     </span>
    </p>
   </div>
   <div class='ocr_carea' id='block_1_6' title="bbox 544 799 774 815">
    <p class='ocr_par' dir='ltr' id='par_1_6' title="bbox 544 799 774 815">
     <span class='ocr_line' id='line_1_8' title="bbox 544 799 774 815; baseline 0 3357"><span class='ocrx_word' id='word_1_33' title='bbox 544 799 774 815; x_wconf 95' lang='lat' dir='ltr'> </span> 
     </span>
    </p>
   </div>
   <div class='ocr_carea' id='block_1_7' title="bbox 314 800 542 819">
    <p class='ocr_par' dir='ltr' id='par_1_7' title="bbox 314 800 542 819">
     <span class='ocr_line' id='line_1_9' title="bbox 314 800 542 819; baseline 0 3353"><span class='ocrx_word' id='word_1_34' title='bbox 314 800 542 819; x_wconf 95' lang='lat' dir='ltr'> </span> 
     </span>
    </p>
   </div>
   <div class='ocr_carea' id='block_1_8' title="bbox 312 889 1283 1172">
    <p class='ocr_par' dir='ltr' id='par_1_8' title="bbox 312 889 1283 1172">
     <span class='ocr_line' id='line_1_10' title="bbox 312 889 1282 962; baseline -0.007 -16"><span class='ocrx_word' id='word_1_35' title='bbox 312 895 620 946; x_wconf 79' lang='lat' dir='ltr'>Miffionarios</span> <span class='ocrx_word' id='word_1_36' title='bbox 642 895 796 962; x_wconf 88' lang='lat' dir='ltr'>Gongi</span> <span class='ocrx_word' id='word_1_37' title='bbox 811 893 966 943; x_wconf 86' lang='lat' dir='ltr'>munia</span> <span class='ocrx_word' id='word_1_38' title='bbox 981 889 1206 941; x_wconf 82' lang='lat' dir='ltr'>Miffionis</span> <span class='ocrx_word' id='word_1_39' title='bbox 1223 889 1282 940; x_wconf 86' lang='lat' dir='ltr'>ad</span> 
     </span>
     <span class='ocr_line' id='line_1_11' title="bbox 380 960 1283 1033; baseline -0.004 -18"><span class='ocrx_word' id='word_1_40' title='bbox 380 968 576 1033; x_wconf 88' lang='lat' dir='ltr'>quinque</span> <span class='ocrx_word' id='word_1_41' title='bbox 592 966 740 1015; x_wconf 84' lang='lat' dir='ltr'>leucas</span> <span class='ocrx_word' id='word_1_42' title='bbox 757 967 872 1014; x_wconf 85' lang='lat' dir='ltr'>intra</span> <span class='ocrx_word' id='word_1_43' title='bbox 881 960 1283 1027; x_wconf 69' lang='lat' dir='ltr'>jurisdifflonem.»</span> 
     </span>
     <span class='ocr_line' id='line_1_12' title="bbox 379 1031 1283 1099; baseline -0.004 -13"><span class='ocrx_word' id='word_1_44' title='bbox 379 1037 689 1087; x_wconf 84' lang='lat' dir='ltr'>Parochorum</span> <span class='ocrx_word' id='word_1_45' title='bbox 705 1070 722 1093; x_wconf 89' lang='lat'><strong>,</strong></span> <span class='ocrx_word' id='word_1_46' title='bbox 735 1033 825 1084; x_wconf 85' lang='lat' dir='ltr'>fine</span> <span class='ocrx_word' id='word_1_47' title='bbox 842 1035 1006 1083; x_wconf 88' lang='lat' dir='ltr'>horum</span> <span class='ocrx_word' id='word_1_48' title='bbox 1024 1031 1220 1099; x_wconf 79' lang='lat' dir='ltr'>exprcssa</span> <span class='ocrx_word' id='word_1_49' title='bbox 1235 1032 1283 1082; x_wconf 91' lang='lat' dir='ltr'>li·</span> 
     </span>
     <span class='ocr_line' id='line_1_13' title="bbox 378 1099 1246 1172; baseline -0.005 -17"><span class='ocrx_word' id='word_1_50' title='bbox 378 1106 523 1156; x_wconf 80' lang='lat' dir='ltr'>centia</span> <span class='ocrx_word' id='word_1_51' title='bbox 537 1122 744 1156; x_wconf 81' lang='lat' dir='ltr'>exercere</span> <span class='ocrx_word' id='word_1_52' title='bbox 759 1122 849 1155; x_wconf 93' lang='lat' dir='ltr'>non</span> <span class='ocrx_word' id='word_1_53' title='bbox 886 1101 1006 1172; x_wconf 83' lang='lat' dir='ltr'>posse</span> <span class='ocrx_word' id='word_1_54' title='bbox 1021 1099 1218 1152; x_wconf 83' lang='lat' dir='ltr'>sancitur</span> <span class='ocrx_word' id='word_1_55' title='bbox 1231 1137 1246 1151; x_wconf 86' lang='lat'><strong>.</strong></span> 
     </span>
    </p>
   </div>
   <div class='ocr_carea' id='block_1_9' title="bbox 317 1239 1286 1360">
    <p class='ocr_par' dir='ltr' id='par_1_9' title="bbox 317 1239 1286 1360">
     <span class='ocr_line' id='line_1_14' title="bbox 317 1239 1286 1300; baseline -0.009 -10"><span class='ocrx_word' id='word_1_56' title='bbox 317 1249 362 1291; x_wconf 85' lang='lat' dir='ltr'>ln</span> <span class='ocrx_word' id='word_1_57' title='bbox 374 1245 677 1300; x_wconf 78' lang='lat' dir='ltr'><em>congregatione</em></span> <span class='ocrx_word' id='word_1_58' title='bbox 702 1245 884 1288; x_wconf 65' lang='lat' dir='ltr'>cenerati</span> <span class='ocrx_word' id='word_1_59' title='bbox 897 1242 942 1284; x_wconf 84' lang='lat' dir='ltr'>de</span> <span class='ocrx_word' id='word_1_60' title='bbox 958 1244 1173 1297; x_wconf 79' lang='lat' dir='ltr'>Propagan.</span> <span class='ocrx_word' id='word_1_61' title='bbox 1191 1239 1286 1283; x_wconf 72' lang='lat' dir='ltr'>Fide</span> 
     </span>
     <span class='ocr_line' id='line_1_15' title="bbox 371 1302 908 1360; baseline -0.007 -14"><span class='ocrx_word' id='word_1_62' title='bbox 371 1304 509 1346; x_wconf 79' lang='lat' dir='ltr'>habita</span> <span class='ocrx_word' id='word_1_63' title='bbox 522 1302 582 1344; x_wconf 81' lang='lat' dir='ltr'>die</span> <span class='ocrx_word' id='word_1_64' title='bbox 595 1304 638 1345; x_wconf 88' lang='lat'>6.</span> <span class='ocrx_word' id='word_1_65' title='bbox 660 1302 769 1360; x_wconf 69' lang='lat' dir='ltr'>Majt</span> <span class='ocrx_word' id='word_1_66' title='bbox 788 1302 908 1357; x_wconf 85' lang='lat'>1653.</span> 
     </span>
    </p>
   </div>
   <div class='ocr_carea' id='block_1_10' title="bbox 311 1417 1284 2407">
    <p class='ocr_par' dir='ltr' id='par_1_10' title="bbox 311 1417 1284 2407">
     <span class='ocr_line' id='line_1_16' title="bbox 434 1417 1280 1463; baseline -0.006 0"><span class='ocrx_word' id='word_1_67' title='bbox 434 1417 623 1463; x_wconf 80' lang='lat' dir='ltr'>Efcrente</span> <span class='ocrx_word' id='word_1_68' title='bbox 636 1417 952 1462; x_wconf 81' lang='lat' dir='ltr'>Eminentiffimo</span> <span class='ocrx_word' id='word_1_69' title='bbox 981 1418 1158 1460; x_wconf 88' lang='lat' dir='ltr'>Domino</span> <span class='ocrx_word' id='word_1_70' title='bbox 1175 1418 1280 1459; x_wconf 84' lang='lat' dir='ltr'>Car·</span> 
     </span>
     <span class='ocr_line' id='line_1_17' title="bbox 458 1475 1284 1521; baseline -0.002 -3"><span class='ocrx_word' id='word_1_71' title='bbox 458 1476 580 1520; x_wconf 89' lang='lat' dir='ltr'>dinali</span> <span class='ocrx_word' id='word_1_72' title='bbox 593 1475 773 1520; x_wconf 85' lang='lat' dir='ltr'>Pallotto</span> <span class='ocrx_word' id='word_1_73' title='bbox 787 1477 963 1521; x_wconf 85' lang='lat' dir='ltr'>Litterts</span> <span class='ocrx_word' id='word_1_74' title='bbox 980 1477 1133 1519; x_wconf 80' lang='lat' dir='ltr'>Fratris</span> <span class='ocrx_word' id='word_1_75' title='bbox 1148 1476 1284 1518; x_wconf 77' lang='lat' dir='ltr'>Anto·</span> 
     </span>
     <span class='ocr_line' id='line_1_18' title="bbox 312 1532 1281 1591; baseline -0.005 -13"><span class='ocrx_word' id='word_1_76' title='bbox 312 1538 365 1578; x_wconf 86' lang='lat' dir='ltr'>mi</span> <span class='ocrx_word' id='word_1_77' title='bbox 380 1542 430 1578; x_wconf 80' lang='lat' dir='ltr'>de</span> <span class='ocrx_word' id='word_1_78' title='bbox 445 1535 615 1578; x_wconf 78' lang='lat' dir='ltr'>Rervell</span> <span class='ocrx_word' id='word_1_79' title='bbox 629 1537 822 1591; x_wconf 80' lang='lat' dir='ltr'>capucini</span> <span class='ocrx_word' id='word_1_80' title='bbox 843 1533 1086 1583; x_wconf 72' lang='lat' dir='ltr'>Miffimarfi,</span> <span class='ocrx_word' id='word_1_81' title='bbox 1104 1532 1281 1576; x_wconf 73' lang='lat' dir='ltr'>scriben-</span> 
     </span>
     <span class='ocr_line' id='line_1_19' title="bbox 313 1589 1283 1650; baseline -0.003 -14"><span class='ocrx_word' id='word_1_82' title='bbox 313 1593 365 1636; x_wconf 88' lang='lat' dir='ltr'>tis</span> <span class='ocrx_word' id='word_1_83' title='bbox 376 1593 454 1648; x_wconf 90' lang='lat' dir='ltr'>ejus</span> <span class='ocrx_word' id='word_1_84' title='bbox 469 1593 657 1650; x_wconf 79' lang='lat' dir='ltr'>Collegas</span> <span class='ocrx_word' id='word_1_85' title='bbox 671 1607 750 1638; x_wconf 89' lang='lat' dir='ltr'>non</span> <span class='ocrx_word' id='word_1_86' title='bbox 764 1593 974 1638; x_wconf 79' lang='lat' dir='ltr'>observare</span> <span class='ocrx_word' id='word_1_87' title='bbox 985 1589 1283 1649; x_wconf 84' lang='lat' dir='ltr'>dispolitionem</span> 
     </span>
     <span class='ocr_line' id='line_1_20' title="bbox 312 1649 1283 1709; baseline -0.003 -16"><span class='ocrx_word' id='word_1_88' title='bbox 312 1651 626 1708; x_wconf 79' lang='lat' dir='ltr'>Privilegiorum</span> <span class='ocrx_word' id='word_1_89' title='bbox 639 1653 746 1695; x_wconf 85' lang='lat' dir='ltr'>circa</span> <span class='ocrx_word' id='word_1_90' title='bbox 768 1652 963 1696; x_wconf 70' lang='lat' dir='ltr'>licentiam</span> <span class='ocrx_word' id='word_1_91' title='bbox 988 1649 1201 1709; x_wconf 77' lang='lat' dir='ltr'>petendam</span> <span class='ocrx_word' id='word_1_92' title='bbox 1233 1650 1283 1691; x_wconf 78' lang='lat' dir='ltr'>ab</span> 
     </span>
     <span class='ocr_line' id='line_1_21' title="bbox 311 1706 1284 1767; baseline -0.002 -15"><span class='ocrx_word' id='word_1_93' title='bbox 311 1710 538 1754; x_wconf 85' lang='lat' dir='ltr'>Ordinariis</span> <span class='ocrx_word' id='word_1_94' title='bbox 570 1710 752 1755; x_wconf 83' lang='lat' dir='ltr'>locorum</span> <span class='ocrx_word' id='word_1_95' title='bbox 773 1726 848 1767; x_wconf 88' lang='lat' dir='ltr'>pro</span> <span class='ocrx_word' id='word_1_96' title='bbox 876 1709 1072 1755; x_wconf 84' lang='lat' dir='ltr'>exercitio</span> <span class='ocrx_word' id='word_1_97' title='bbox 1112 1706 1284 1751; x_wconf 85' lang='lat' dir='ltr'>faculta-</span> 
     </span>
     <span class='ocr_line' id='line_1_22' title="bbox 311 1770 1225 1821; baseline -0.003 -9"><span class='ocrx_word' id='word_1_98' title='bbox 311 1778 399 1812; x_wconf 87' lang='lat' dir='ltr'>tum</span> <span class='ocrx_word' id='word_1_99' title='bbox 414 1781 434 1821; x_wconf 68' lang='lat'>¹,</span> <span class='ocrx_word' id='word_1_100' title='bbox 444 1770 484 1812; x_wconf 75' lang='grc' dir='ltr'>δι</span> <span class='ocrx_word' id='word_1_101' title='bbox 500 1770 810 1814; x_wconf 68' lang='lat' dir='ltr'>administrationi</span> <span class='ocrx_word' id='word_1_102' title='bbox 817 1772 844 1812; x_wconf 84' lang='lat' dir='ltr'>is</span> <span class='ocrx_word' id='word_1_103' title='bbox 861 1773 1225 1814; x_wconf 87' lang='lat' dir='ltr'>Sacramentorum.</span> 
     </span>
     <span class='ocr_line' id='line_1_23' title="bbox 423 1825 1281 1885; baseline 0 -16"><span class='ocrx_word' id='word_1_104' title='bbox 423 1828 541 1871; x_wconf 87' lang='lat' dir='ltr'>Sacra</span> <span class='ocrx_word' id='word_1_105' title='bbox 552 1830 831 1885; x_wconf 72' lang='lat' dir='ltr'>Congregario</span> <span class='ocrx_word' id='word_1_106' title='bbox 846 1827 1048 1885; x_wconf 79' lang='lat' dir='ltr'>respondit</span> <span class='ocrx_word' id='word_1_107' title='bbox 1059 1856 1076 1878; x_wconf 80' lang='lat'><strong>,</strong></span> <span class='ocrx_word' id='word_1_108' title='bbox 1108 1826 1187 1883; x_wconf 80' lang='lat' dir='ltr'>jsm</span> <span class='ocrx_word' id='word_1_109' title='bbox 1207 1825 1281 1870; x_wconf 86' lang='lat' dir='ltr'>de·</span> 
     </span>
     <span class='ocr_line' id='line_1_24' title="bbox 317 1883 1282 1944; baseline 0.003 -17"><span class='ocrx_word' id='word_1_110' title='bbox 317 1884 481 1928; x_wconf 79' lang='lat' dir='ltr'>ereviffe</span> <span class='ocrx_word' id='word_1_111' title='bbox 510 1887 548 1928; x_wconf 89' lang='lat' dir='ltr'>in</span> <span class='ocrx_word' id='word_1_112' title='bbox 564 1888 709 1942; x_wconf 83' lang='lat' dir='ltr'>Regno</span> <span class='ocrx_word' id='word_1_113' title='bbox 733 1889 868 1944; x_wconf 79' lang='lat' dir='ltr'>Congi</span> <span class='ocrx_word' id='word_1_114' title='bbox 898 1901 976 1930; x_wconf 85' lang='lat' dir='ltr'>non</span> <span class='ocrx_word' id='word_1_115' title='bbox 992 1883 1100 1944; x_wconf 81' lang='lat' dir='ltr'>polsc</span> <span class='ocrx_word' id='word_1_116' title='bbox 1118 1886 1282 1930; x_wconf 48' lang='lat' dir='ltr'>munim</span> 
     </span>
     <span class='ocr_line' id='line_1_25' title="bbox 312 1942 1283 2002; baseline -0.001 -17"><span class='ocrx_word' id='word_1_117' title='bbox 312 1942 469 1985; x_wconf 78' lang='lat' dir='ltr'>Million</span> <span class='ocrx_word' id='word_1_118' title='bbox 477 1942 506 1984; x_wconf 92' lang='lat' dir='ltr'>is</span> <span class='ocrx_word' id='word_1_119' title='bbox 533 1945 707 1987; x_wconf 82' lang='lat' dir='ltr'>exerceri</span> <span class='ocrx_word' id='word_1_120' title='bbox 727 1946 777 1988; x_wconf 86' lang='lat' dir='ltr'>ad</span> <span class='ocrx_word' id='word_1_121' title='bbox 805 1946 977 2002; x_wconf 85' lang='lat' dir='ltr'>quinque</span> <span class='ocrx_word' id='word_1_122' title='bbox 1006 1946 1140 1988; x_wconf 85' lang='lat' dir='ltr'>leucas</span> <span class='ocrx_word' id='word_1_123' title='bbox 1175 1945 1283 1985; x_wconf 76' lang='lat' dir='ltr'>intrs</span> 
     </span>
     <span class='ocr_line' id='line_1_26' title="bbox 311 1998 1280 2055; baseline 0 -13"><span class='ocrx_word' id='word_1_124' title='bbox 311 1999 622 2044; x_wconf 72' lang='lat' dir='ltr'>lurisdietionem</span> <span class='ocrx_word' id='word_1_125' title='bbox 637 2004 911 2045; x_wconf 83' lang='lat' dir='ltr'>Parochorum</span> <span class='ocrx_word' id='word_1_126' title='bbox 941 2001 1034 2044; x_wconf 64' lang='lat' dir='ltr'>dieti</span> <span class='ocrx_word' id='word_1_127' title='bbox 1053 2001 1183 2055; x_wconf 83' lang='lat' dir='ltr'>Regni</span> <span class='ocrx_word' id='word_1_128' title='bbox 1200 1998 1280 2042; x_wconf 69' lang='lat' dir='ltr'>ab(z</span> 
     </span>
     <span class='ocr_line' id='line_1_27' title="bbox 312 2059 1278 2115; baseline 0.001 -14"><span class='ocrx_word' id='word_1_129' title='bbox 312 2072 390 2115; x_wconf 85' lang='lat' dir='ltr'>que</span> <span class='ocrx_word' id='word_1_130' title='bbox 407 2072 544 2102; x_wconf 88' lang='lat' dir='ltr'>eorum</span> <span class='ocrx_word' id='word_1_131' title='bbox 558 2060 731 2114; x_wconf 70' lang='lat' dir='ltr'>expressa</span> <span class='ocrx_word' id='word_1_132' title='bbox 755 2061 916 2104; x_wconf 84' lang='lat' dir='ltr'>licentia</span> <span class='ocrx_word' id='word_1_133' title='bbox 930 2088 945 2110; x_wconf 87' lang='lat'><strong>‚</strong></span> <span class='ocrx_word' id='word_1_134' title='bbox 971 2059 1079 2104; x_wconf 86' lang='lat' dir='ltr'>secus</span> <span class='ocrx_word' id='word_1_135' title='bbox 1094 2059 1191 2102; x_wconf 78' lang='lat' dir='ltr'>vcro</span> <span class='ocrx_word' id='word_1_136' title='bbox 1206 2059 1278 2102; x_wconf 66' lang='lat' dir='ltr'>in...</span> 
     </span>
     <span class='ocr_line' id='line_1_28' title="bbox 312 2115 1278 2174; baseline -0.001 -15"><span class='ocrx_word' id='word_1_137' title='bbox 312 2115 413 2160; x_wconf 88' lang='lat' dir='ltr'>locis</span> <span class='ocrx_word' id='word_1_138' title='bbox 424 2128 536 2161; x_wconf 83' lang='lat' dir='ltr'>extra</span> <span class='ocrx_word' id='word_1_139' title='bbox 549 2118 768 2164; x_wconf 54' lang='lat' dir='ltr'>districtum</span> <span class='ocrx_word' id='word_1_140' title='bbox 782 2119 977 2162; x_wconf 64' lang='lat' dir='ltr'>dictarum</span> <span class='ocrx_word' id='word_1_141' title='bbox 1003 2119 1176 2174; x_wconf 88' lang='lat' dir='ltr'>quinque</span> <span class='ocrx_word' id='word_1_142' title='bbox 1190 2116 1278 2159; x_wconf 87' lang='lat' dir='ltr'>leu-</span> 
     </span>
     <span class='ocr_line' id='line_1_29' title="bbox 314 2174 1279 2233; baseline -0.013 -5"><span class='ocrx_word' id='word_1_143' title='bbox 314 2189 450 2219; x_wconf 61' lang='lat' dir='ltr'>carum</span> <span class='ocrx_word' id='word_1_144' title='bbox 463 2202 478 2225; x_wconf 68' lang='lat' dir='ltr'>s</span> <span class='ocrx_word' id='word_1_145' title='bbox 490 2178 529 2218; x_wconf 85' lang='lat' dir='ltr'>in</span> <span class='ocrx_word' id='word_1_146' title='bbox 541 2177 686 2233; x_wconf 90' lang='lat' dir='ltr'>quibus</span> <span class='ocrx_word' id='word_1_147' title='bbox 698 2177 933 2220; x_wconf 66' lang='lat' dir='ltr'>auctoritate</span> <span class='ocrx_word' id='word_1_148' title='bbox 957 2174 1135 2228; x_wconf 82' lang='lat' dir='ltr'>ejusdcm</span> <span class='ocrx_word' id='word_1_149' title='bbox 1150 2175 1279 2216; x_wconf 63' lang='lat' dir='ltr'>Sacra</span> 
     </span>
     <span class='ocr_line' id='line_1_30' title="bbox 311 2230 1278 2290; baseline -0.003 -14"><span class='ocrx_word' id='word_1_150' title='bbox 311 2235 644 2290; x_wconf 83' lang='lat' dir='ltr'>Congregationis</span> <span class='ocrx_word' id='word_1_151' title='bbox 657 2262 672 2286; x_wconf 83' lang='lat'>‚</span> <span class='ocrx_word' id='word_1_152' title='bbox 687 2238 725 2278; x_wconf 83' lang='lat'>&amp;</span> <span class='ocrx_word' id='word_1_153' title='bbox 738 2238 887 2279; x_wconf 65' lang='lat' dir='ltr'>saneta</span> <span class='ocrx_word' id='word_1_154' title='bbox 907 2231 1022 2277; x_wconf 85' lang='lat' dir='ltr'>Sedis</span> <span class='ocrx_word' id='word_1_155' title='bbox 1039 2230 1278 2287; x_wconf 71' lang='lat' dir='ltr'>Apostolicoe</span> 
     </span>
     <span class='ocr_line' id='line_1_31' title="bbox 311 2287 1278 2347; baseline -0.007 -13"><span class='ocrx_word' id='word_1_156' title='bbox 311 2293 480 2347; x_wconf 75' lang='lat' dir='ltr'>quilibet</span> <span class='ocrx_word' id='word_1_157' title='bbox 492 2291 755 2334; x_wconf 83' lang='lat' dir='ltr'>Miffionarius</span> <span class='ocrx_word' id='word_1_158' title='bbox 771 2305 859 2334; x_wconf 84' lang='lat' dir='ltr'>eum</span> <span class='ocrx_word' id='word_1_159' title='bbox 882 2287 1112 2334; x_wconf 76' lang='lat' dir='ltr'>obedientia</span> <span class='ocrx_word' id='word_1_160' title='bbox 1130 2288 1278 2332; x_wconf 74' lang='lat' dir='ltr'>Praefe-</span> 
     </span>
     <span class='ocr_line' id='line_1_32' title="bbox 311 2349 1215 2407; baseline -0.002 -15"><span class='ocrx_word' id='word_1_161' title='bbox 311 2350 363 2392; x_wconf 65' lang='lat' dir='ltr'>&amp;i</span> <span class='ocrx_word' id='word_1_162' title='bbox 374 2349 523 2407; x_wconf 88' lang='lat' dir='ltr'>poterit</span> <span class='ocrx_word' id='word_1_163' title='bbox 536 2349 639 2392; x_wconf 69' lang='lat' dir='ltr'>dista</span> <span class='ocrx_word' id='word_1_164' title='bbox 650 2352 785 2393; x_wconf 83' lang='lat' dir='ltr'>munia</span> <span class='ocrx_word' id='word_1_165' title='bbox 797 2349 925 2392; x_wconf 69' lang='lat' dir='ltr'>libere</span> <span class='ocrx_word' id='word_1_166' title='bbox 935 2362 1123 2394; x_wconf 83' lang='lat' dir='ltr'>exercere</span> <span class='ocrx_word' id='word_1_167' title='bbox 1138 2349 1215 2390; x_wconf 84' lang='lat' dir='ltr'>&amp;c.</span> 
     </span>
    </p>
   </div>
   <div class='ocr_carea' id='block_1_11' title="bbox 369 2464 1277 2582">
    <p class='ocr_par' dir='ltr' id='par_1_11' title="bbox 369 2464 1277 2582">
     <span class='ocr_line' id='line_1_33' title="bbox 369 2464 1277 2525; baseline 0 -16"><span class='ocrx_word' id='word_1_168' title='bbox 369 2464 548 2509; x_wconf 60' lang='lat' dir='ltr'>Exmff.</span> <span class='ocrx_word' id='word_1_169' title='bbox 565 2479 613 2507; x_wconf 74' lang='lat' dir='ltr'>ex</span> <span class='ocrx_word' id='word_1_170' title='bbox 628 2465 735 2510; x_wconf 64' lang='lat' dir='ltr'>Attis</span> <span class='ocrx_word' id='word_1_171' title='bbox 748 2470 788 2510; x_wconf 76' lang='lat' dir='ltr'>s.</span> <span class='ocrx_word' id='word_1_172' title='bbox 804 2471 989 2525; x_wconf 74' lang='lat' dir='ltr'>congreg.</span> <span class='ocrx_word' id='word_1_173' title='bbox 1005 2470 1049 2511; x_wconf 84' lang='lat' dir='ltr'>de</span> <span class='ocrx_word' id='word_1_174' title='bbox 1065 2470 1277 2523; x_wconf 75' lang='lat' dir='ltr'>Propagen.</span> 
     </span>
     <span class='ocr_line' id='line_1_34' title="bbox 427 2523 1104 2582; baseline 0.004 -17"><span class='ocrx_word' id='word_1_175' title='bbox 427 2523 526 2569; x_wconf 76' lang='lat' dir='ltr'>Fide</span> <span class='ocrx_word' id='word_1_176' title='bbox 537 2523 582 2566; x_wconf 75' lang='lat' dir='ltr'>de</span> <span class='ocrx_word' id='word_1_177' title='bbox 596 2537 695 2568; x_wconf 75' lang='lat' dir='ltr'>anno</span> <span class='ocrx_word' id='word_1_178' title='bbox 716 2526 792 2574; x_wconf 85' lang='lat'>165</span> <span class='ocrx_word' id='word_1_179' title='bbox 798 2539 836 2581; x_wconf 88' lang='lat'>3.</span> <span class='ocrx_word' id='word_1_180' title='bbox 842 2530 966 2582; x_wconf 57' lang='grc' dir='ltr'>μμ</span> <span class='ocrx_word' id='word_1_181' title='bbox 969 2540 1010 2577; x_wconf 88' lang='lat'>5.</span> <span class='ocrx_word' id='word_1_182' title='bbox 1019 2539 1104 2582; x_wconf 78' lang='lat' dir='ltr'>u.9.</span> 
     </span>
    </p>
   </div>
   <div class='ocr_carea' id='block_1_12' title="bbox 317 2655 603 2686">
    <p class='ocr_par' dir='ltr' id='par_1_12' title="bbox 317 2655 603 2686">
     <span class='ocr_line' id='line_1_35' title="bbox 317 2655 603 2686; baseline 0 -14"><span class='ocrx_word' id='word_1_183' title='bbox 317 2655 603 2686; x_wconf 49' lang='grc' dir='ltr'>,μ--</span> 
     </span>
    </p>
   </div>
   <div class='ocr_carea' id='block_1_13' title="bbox 608 2659 797 2674">
    <p class='ocr_par' dir='ltr' id='par_1_13' title="bbox 608 2659 797 2674">
     <span class='ocr_line' id='line_1_36' title="bbox 608 2659 797 2674; baseline 0 0"><span class='ocrx_word' id='word_1_184' title='bbox 608 2659 797 2674; x_wconf 95' lang='lat' dir='ltr'> </span> 
     </span>
    </p>
   </div>
   <div class='ocr_carea' id='block_1_14' title="bbox 801 2658 989 2674">
    <p class='ocr_par' dir='ltr' id='par_1_14' title="bbox 801 2658 989 2674">
     <span class='ocr_line' id='line_1_37' title="bbox 801 2658 989 2674; baseline 0 0"><span class='ocrx_word' id='word_1_185' title='bbox 801 2658 989 2674; x_wconf 95' lang='lat' dir='ltr'> </span> 
     </span>
    </p>
   </div>
   <div class='ocr_carea' id='block_1_15' title="bbox 315 2761 1284 2969">
    <p class='ocr_par' dir='ltr' id='par_1_15' title="bbox 315 2761 1284 2969">
     <span class='ocr_line' id='line_1_38' title="bbox 315 2761 1284 2832; baseline -0.002 -18"><span class='ocrx_word' id='word_1_186' title='bbox 315 2762 654 2814; x_wconf 85' lang='lat' dir='ltr'>Fr.Antonium</span> <span class='ocrx_word' id='word_1_187' title='bbox 680 2767 943 2813; x_wconf 82' lang='lat' dir='ltr'>Romanum</span> <span class='ocrx_word' id='word_1_188' title='bbox 958 2780 1064 2814; x_wconf 85' lang='lat' dir='ltr'>cum</span> <span class='ocrx_word' id='word_1_189' title='bbox 1079 2761 1284 2832; x_wconf 86' lang='lat' dir='ltr'>pluribus</span> 
     </span>
     <span class='ocr_line' id='line_1_39' title="bbox 383 2832 1283 2885; baseline 0 -2"><span class='ocrx_word' id='word_1_190' title='bbox 383 2832 582 2883; x_wconf 79' lang='lat' dir='ltr'>Ordinis</span> <span class='ocrx_word' id='word_1_191' title='bbox 611 2835 754 2883; x_wconf 88' lang='lat' dir='ltr'>Sociis</span> <span class='ocrx_word' id='word_1_192' title='bbox 797 2834 854 2882; x_wconf 83' lang='lat' dir='ltr'>ad</span> <span class='ocrx_word' id='word_1_193' title='bbox 894 2833 1283 2885; x_wconf 69' lang='lat' dir='ltr'>continuandam.»</span> 
     </span>
     <span class='ocr_line' id='line_1_40' title="bbox 384 2900 1283 2969; baseline 0 -17"><span class='ocrx_word' id='word_1_194' title='bbox 384 2900 638 2969; x_wconf 85' lang='lat' dir='ltr'>Congenfis</span> <span class='ocrx_word' id='word_1_195' title='bbox 656 2904 811 2953; x_wconf 73' lang='lat' dir='ltr'>Vinea·</span> <span class='ocrx_word' id='word_1_196' title='bbox 825 2905 1050 2954; x_wconf 82' lang='lat' dir='ltr'>culturam</span> <span class='ocrx_word' id='word_1_197' title='bbox 1069 2902 1248 2955; x_wconf 75' lang='lat' dir='ltr'>missum</span> <span class='ocrx_word' id='word_1_198' title='bbox 1265 2939 1283 2963; x_wconf 84' lang='lat'>‚</span> 
     </span>
    </p>
   </div>
   <div class='ocr_carea' id='block_1_16' title="bbox 381 2968 1288 3091">
    <p class='ocr_par' dir='ltr' id='par_1_16' title="bbox 381 2968 1288 3091">
     <span class='ocr_line' id='line_1_41' title="bbox 385 2968 1288 3039; baseline 0.004 -19"><span class='ocrx_word' id='word_1_199' title='bbox 385 2975 506 3039; x_wconf 85' lang='lat' dir='ltr'>Regi</span> <span class='ocrx_word' id='word_1_200' title='bbox 536 2968 704 3030; x_wconf 82' lang='lat' dir='ltr'>refert,</span> <span class='ocrx_word' id='word_1_201' title='bbox 734 2969 790 3022; x_wconf 75' lang='lat' dir='ltr'>ac&#39;</span> <span class='ocrx_word' id='word_1_202' title='bbox 815 2972 1000 3024; x_wconf 88' lang='lat' dir='ltr'>incenso</span> <span class='ocrx_word' id='word_1_203' title='bbox 1034 2976 1154 3026; x_wconf 83' lang='lat' dir='ltr'>illius</span> <span class='ocrx_word' id='word_1_204' title='bbox 1187 2975 1288 3024; x_wconf 87' lang='lat' dir='ltr'>zelo</span> 
     </span>
     <span class='ocr_line' id='line_1_42' title="bbox 381 3039 634 3091; baseline 0 0"><span class='ocrx_word' id='word_1_205' title='bbox 381 3039 634 3091; x_wconf 86' lang='lat' dir='ltr'>benedicit.</span> 
     </span>
    </p>
   </div>
   <div class='ocr_carea' id='block_1_17' title="bbox 358 3169 1263 3287">
    <p class='ocr_par' dir='ltr' id='par_1_17' title="bbox 358 3169 1263 3287">
     <span class='ocr_line' id='line_1_43' title="bbox 358 3169 1263 3229; baseline 0.009 -18"><span class='ocrx_word' id='word_1_206' title='bbox 358 3169 581 3229; x_wconf 67' lang='lat' dir='ltr'>Cbarffmo</span> <span class='ocrx_word' id='word_1_207' title='bbox 596 3172 643 3212; x_wconf 75' lang='lat' dir='ltr'>in·</span> <span class='ocrx_word' id='word_1_208' title='bbox 652 3169 799 3227; x_wconf 75' lang='lat' dir='ltr'>Christo</span> <span class='ocrx_word' id='word_1_209' title='bbox 821 3172 924 3216; x_wconf 70' lang='lat' dir='ltr'>Filio</span> <span class='ocrx_word' id='word_1_210' title='bbox 941 3172 1263 3229; x_wconf 53' lang='lat' dir='ltr'>austacenis,</span> 
     </span>
     <span class='ocr_line' id='line_1_44' title="bbox 670 3230 926 3287; baseline 0 -16"><span class='ocrx_word' id='word_1_211' title='bbox 670 3230 769 3285; x_wconf 80' lang='lat' dir='ltr'>Regi</span> <span class='ocrx_word' id='word_1_212' title='bbox 804 3231 926 3287; x_wconf 75' lang='lat' dir='ltr'>congr·</span> 
     </span>
    </p>
   </div>
   <div class='ocr_carea' id='block_1_18' title="bbox 320 3345 1291 3402">
    <p class='ocr_par' dir='ltr' id='par_1_18' title="bbox 320 3345 1291 3402">
     <span class='ocr_line' id='line_1_45' title="bbox 320 3345 1291 3402; baseline 0.007 -7"><span class='ocrx_word' id='word_1_213' title='bbox 320 3345 942 3402; x_wconf 80' lang='lat' dir='ltr'>INNOCENTIUS</span> <span class='ocrx_word' id='word_1_214' title='bbox 980 3350 1186 3402; x_wconf 82' lang='lat' dir='ltr'>PAPA</span> <span class='ocrx_word' id='word_1_215' title='bbox 1223 3354 1291 3401; x_wconf 89' lang='lat' dir='ltr'>X.</span> 
     </span>
    </p>
   </div>
   <div class='ocr_carea' id='block_1_19' title="bbox 360 3463 1245 3584">
    <p class='ocr_par' dir='ltr' id='par_1_19' title="bbox 360 3463 1245 3584">
     <span class='ocr_line' id='line_1_46' title="bbox 360 3463 1245 3524; baseline 0.003 -16"><span class='ocrx_word' id='word_1_216' title='bbox 360 3466 583 3524; x_wconf 70' lang='lat' dir='ltr'>‘Chariffime</span> <span class='ocrx_word' id='word_1_217' title='bbox 594 3469 638 3510; x_wconf 75' lang='lat' dir='ltr'>in</span> <span class='ocrx_word' id='word_1_218' title='bbox 654 3465 805 3524; x_wconf 72' lang='lat' dir='ltr'>Christo</span> <span class='ocrx_word' id='word_1_219' title='bbox 828 3463 911 3510; x_wconf 76' lang='lat' dir='ltr'>Fili</span> <span class='ocrx_word' id='word_1_220' title='bbox 924 3464 1045 3519; x_wconf 72' lang='lat' dir='ltr'>nosier</span> <span class='ocrx_word' id='word_1_221' title='bbox 1057 3465 1219 3511; x_wconf 76' lang='lat' dir='ltr'>lblutem</span> <span class='ocrx_word' id='word_1_222' title='bbox 1227 3497 1245 3520; x_wconf 87' lang='lat'><strong>,</strong></span> 
     </span>
     <span class='ocr_line' id='line_1_47' title="bbox 465 3519 1132 3584; baseline -0.004 -16"><span class='ocrx_word' id='word_1_223' title='bbox 465 3527 518 3576; x_wconf 67' lang='grc' dir='ltr'>ὁ·</span> <span class='ocrx_word' id='word_1_224' title='bbox 533 3526 786 3584; x_wconf 67' lang='lat' dir='ltr'>apostolicam</span> <span class='ocrx_word' id='word_1_225' title='bbox 808 3519 1109 3568; x_wconf 69' lang='lat' dir='ltr'>Benedifh&#39;onm</span> <span class='ocrx_word' id='word_1_226' title='bbox 1120 3553 1132 3565; x_wconf 91' lang='lat'><strong>.</strong></span> 
     </span>
    </p>
   </div>
   <div class='ocr_carea' id='block_1_20' title="bbox 320 3638 1285 3817">
    <p class='ocr_par' dir='ltr' id='par_1_20' title="bbox 320 3638 1285 3817">
     <span class='ocr_line' id='line_1_48' title="bbox 463 3638 1285 3690; baseline 0.001 -8"><span class='ocrx_word' id='word_1_227' title='bbox 463 3638 569 3683; x_wconf 80' lang='lat' dir='ltr'>Escit</span> <span class='ocrx_word' id='word_1_228' title='bbox 589 3643 758 3686; x_wconf 82' lang='lat' dir='ltr'>charitas</span> <span class='ocrx_word' id='word_1_229' title='bbox 773 3642 922 3687; x_wconf 83' lang='lat' dir='ltr'>Christi</span> <span class='ocrx_word' id='word_1_230' title='bbox 935 3642 1103 3684; x_wconf 88' lang='lat' dir='ltr'>marium</span> <span class='ocrx_word' id='word_1_231' title='bbox 1117 3638 1285 3690; x_wconf 84' lang='lat' dir='ltr'>fines‚li-</span> 
     </span>
     <span class='ocr_line' id='line_1_49' title="bbox 482 3699 1285 3754; baseline 0.004 -16"><span class='ocrx_word' id='word_1_232' title='bbox 482 3699 648 3742; x_wconf 79' lang='lat' dir='ltr'>mitesve</span> <span class='ocrx_word' id='word_1_233' title='bbox 661 3710 859 3748; x_wconf 77' lang='lat' dir='ltr'>terrarum</span> <span class='ocrx_word' id='word_1_234' title='bbox 875 3730 889 3752; x_wconf 87' lang='lat'>‚</span> <span class='ocrx_word' id='word_1_235' title='bbox 915 3700 997 3743; x_wconf 76' lang='lat' dir='ltr'>imo</span> <span class='ocrx_word' id='word_1_236' title='bbox 1020 3700 1148 3742; x_wconf 87' lang='lat' dir='ltr'>elatus</span> <span class='ocrx_word' id='word_1_237' title='bbox 1172 3702 1285 3754; x_wconf 87' lang='lat' dir='ltr'>super</span> 
     </span>
     <span class='ocr_line' id='line_1_50' title="bbox 320 3753 1284 3817; baseline 0.006 -23"><span class='ocrx_word' id='word_1_238' title='bbox 320 3766 443 3809; x_wconf 84' lang='lat' dir='ltr'>aquas</span> <span class='ocrx_word' id='word_1_239' title='bbox 471 3753 630 3813; x_wconf 78' lang='lat' dir='ltr'>spiritus</span> <span class='ocrx_word' id='word_1_240' title='bbox 657 3759 822 3803; x_wconf 86' lang='lat' dir='ltr'>Domini</span> <span class='ocrx_word' id='word_1_241' title='bbox 845 3757 985 3817; x_wconf 87' lang='lat' dir='ltr'>‚cujus</span> <span class='ocrx_word' id='word_1_242' title='bbox 1012 3757 1284 3816; x_wconf 84' lang='lat' dir='ltr'>palpebraein·</span> 
     </span>
    </p>
   </div>
   <div class='ocr_carea' id='block_1_21' title="bbox 2095 203 2257 285">
    <p class='ocr_par' dir='ltr' id='par_1_21' title="bbox 2095 203 2257 285">
     <span class='ocr_line' id='line_1_51' title="bbox 2095 203 2257 285; baseline 0.019 -3"><span class='ocrx_word' id='word_1_243' title='bbox 2095 203 2257 285; x_wconf 89' lang='lat'>199</span> 
     </span>
    </p>
   </div>
   <div class='ocr_carea' id='block_1_22' title="bbox 1336 301 2326 3755">
    <p class='ocr_par' dir='ltr' id='par_1_22' title="bbox 1336 301 2326 3755">
     <span class='ocr_line' id='line_1_52' title="bbox 1341 301 2320 373; baseline 0.011 -26"><span class='ocrx_word' id='word_1_244' title='bbox 1341 312 1548 359; x_wconf 80' lang='lat' dir='ltr'>terrogant</span> <span class='ocrx_word' id='word_1_245' title='bbox 1564 301 1667 344; x_wconf 81' lang='lat' dir='ltr'>filios</span> <span class='ocrx_word' id='word_1_246' title='bbox 1685 304 2129 363; x_wconf 64' lang='lat' dir='ltr'>hominum2posuitNos</span> <span class='ocrx_word' id='word_1_247' title='bbox 2143 321 2320 373; x_wconf 66' lang='lat' dir='ltr'>specula.</span> 
     </span>
     <span class='ocr_line' id='line_1_53' title="bbox 1340 360 2322 424; baseline 0.009 -20"><span class='ocrx_word' id='word_1_248' title='bbox 1340 374 1452 405; x_wconf 84' lang='lat' dir='ltr'>tores</span> <span class='ocrx_word' id='word_1_249' title='bbox 1483 362 1630 404; x_wconf 88' lang='lat' dir='ltr'>Domui</span> <span class='ocrx_word' id='word_1_250' title='bbox 1659 360 1733 403; x_wconf 85' lang='lat' dir='ltr'>suae</span> <span class='ocrx_word' id='word_1_251' title='bbox 1754 364 1792 404; x_wconf 92' lang='lat' dir='ltr'>in</span> <span class='ocrx_word' id='word_1_252' title='bbox 1821 365 1950 406; x_wconf 86' lang='lat' dir='ltr'>lucem</span> <span class='ocrx_word' id='word_1_253' title='bbox 1967 373 2143 421; x_wconf 82' lang='lat' dir='ltr'>gentium</span> <span class='ocrx_word' id='word_1_254' title='bbox 2157 401 2172 424; x_wconf 84' lang='lat'><strong>,</strong></span> <span class='ocrx_word' id='word_1_255' title='bbox 2200 390 2243 418; x_wconf 75' lang='lat' dir='ltr'>ut</span> <span class='ocrx_word' id='word_1_256' title='bbox 2273 367 2322 422; x_wconf 70' lang='lat' dir='ltr'>fit</span> 
     </span>
     <span class='ocr_line' id='line_1_54' title="bbox 1342 420 2319 487; baseline 0.007 -25"><span class='ocrx_word' id='word_1_257' title='bbox 1342 421 1445 463; x_wconf 88' lang='lat' dir='ltr'>salus</span> <span class='ocrx_word' id='word_1_258' title='bbox 1460 420 1543 476; x_wconf 86' lang='lat' dir='ltr'>ejus</span> <span class='ocrx_word' id='word_1_259' title='bbox 1567 422 1687 475; x_wconf 85' lang='lat' dir='ltr'>usque</span> <span class='ocrx_word' id='word_1_260' title='bbox 1716 422 1766 462; x_wconf 89' lang='lat' dir='ltr'>ad</span> <span class='ocrx_word' id='word_1_261' title='bbox 1793 434 2015 465; x_wconf 82' lang='lat' dir='ltr'>extremum</span> <span class='ocrx_word' id='word_1_262' title='bbox 2031 438 2171 480; x_wconf 80' lang='lat' dir='ltr'>terrae,</span> <span class='ocrx_word' id='word_1_263' title='bbox 2202 443 2319 487; x_wconf 76' lang='lat' dir='ltr'>atque</span> 
     </span>
     <span class='ocr_line' id='line_1_55' title="bbox 1341 478 2321 539; baseline 0.011 -19"><span class='ocrx_word' id='word_1_264' title='bbox 1341 479 1437 521; x_wconf 90' lang='lat' dir='ltr'>ideo</span> <span class='ocrx_word' id='word_1_265' title='bbox 1449 487 1568 534; x_wconf 88' lang='lat' dir='ltr'>urget</span> <span class='ocrx_word' id='word_1_266' title='bbox 1581 479 1713 522; x_wconf 81' lang='lat' dir='ltr'>acrius</span> <span class='ocrx_word' id='word_1_267' title='bbox 1727 478 2033 523; x_wconf 86' lang='lat' dir='ltr'>sollicitudinem</span> <span class='ocrx_word' id='word_1_268' title='bbox 2060 487 2227 528; x_wconf 74' lang='lat' dir='ltr'>nostram</span> <span class='ocrx_word' id='word_1_269' title='bbox 2250 517 2263 539; x_wconf 91' lang='lat'>‚</span> <span class='ocrx_word' id='word_1_270' title='bbox 2276 502 2321 533; x_wconf 89' lang='lat' dir='ltr'>ut</span> 
     </span>
     <span class='ocr_line' id='line_1_56' title="bbox 1340 537 2317 597; baseline 0.007 -17"><span class='ocrx_word' id='word_1_271' title='bbox 1340 537 1391 580; x_wconf 82' lang='lat' dir='ltr'>ad</span> <span class='ocrx_word' id='word_1_272' title='bbox 1417 537 1564 580; x_wconf 84' lang='lat' dir='ltr'>diffitas</span> <span class='ocrx_word' id='word_1_273' title='bbox 1593 540 1847 592; x_wconf 83' lang='lat' dir='ltr'>quantumvis</span> <span class='ocrx_word' id='word_1_274' title='bbox 1877 540 1996 581; x_wconf 85' lang='lat' dir='ltr'>Orbis</span> <span class='ocrx_word' id='word_1_275' title='bbox 2021 539 2158 594; x_wconf 81' lang='lat' dir='ltr'>plagas</span> <span class='ocrx_word' id='word_1_276' title='bbox 2189 547 2317 597; x_wconf 82' lang='lat' dir='ltr'>vigilis</span> 
     </span>
     <span class='ocr_line' id='line_1_57' title="bbox 1340 595 2323 652; baseline 0.005 -14"><span class='ocrx_word' id='word_1_277' title='bbox 1340 610 1444 639; x_wconf 86' lang='lat' dir='ltr'>curae</span> <span class='ocrx_word' id='word_1_278' title='bbox 1469 595 1610 638; x_wconf 89' lang='lat' dir='ltr'>oculos</span> <span class='ocrx_word' id='word_1_279' title='bbox 1626 621 1642 644; x_wconf 63' lang='lat'>2</span> <span class='ocrx_word' id='word_1_280' title='bbox 1667 596 1882 652; x_wconf 84' lang='lat' dir='ltr'>manusque</span> <span class='ocrx_word' id='word_1_281' title='bbox 1898 598 2110 640; x_wconf 86' lang='lat' dir='ltr'>tendentes</span> <span class='ocrx_word' id='word_1_282' title='bbox 2124 626 2138 649; x_wconf 85' lang='lat'>,</span> <span class='ocrx_word' id='word_1_283' title='bbox 2170 602 2209 641; x_wconf 74' lang='grc' dir='ltr'>δι</span> <span class='ocrx_word' id='word_1_284' title='bbox 2225 607 2323 645; x_wconf 76' lang='lat' dir='ltr'>ban-</span> 
     </span>
     <span class='ocr_line' id='line_1_58' title="bbox 1342 656 2323 714; baseline 0.004 -16"><span class='ocrx_word' id='word_1_285' title='bbox 1342 659 1411 698; x_wconf 67' lang='lat' dir='ltr'>&amp;ae</span> <span class='ocrx_word' id='word_1_286' title='bbox 1427 656 1536 698; x_wconf 82' lang='lat' dir='ltr'>Fidei</span> <span class='ocrx_word' id='word_1_287' title='bbox 1551 657 1832 710; x_wconf 75' lang='lat' dir='ltr'>propagationi</span> <span class='ocrx_word' id='word_1_288' title='bbox 1849 684 1863 708; x_wconf 86' lang='lat'>‚</span> <span class='ocrx_word' id='word_1_289' title='bbox 1895 657 1931 698; x_wconf 77' lang='grc' dir='ltr'>δι</span> <span class='ocrx_word' id='word_1_290' title='bbox 1954 657 2150 706; x_wconf 80' lang='lat' dir='ltr'>Fidelium</span> <span class='ocrx_word' id='word_1_291' title='bbox 2167 672 2323 714; x_wconf 90' lang='lat' dir='ltr'>quoque</span> 
     </span>
     <span class='ocr_line' id='line_1_59' title="bbox 1342 714 2322 770; baseline 0.002 -13"><span class='ocrx_word' id='word_1_292' title='bbox 1342 715 1524 757; x_wconf 86' lang='lat' dir='ltr'>omnium</span> <span class='ocrx_word' id='word_1_293' title='bbox 1541 714 1772 769; x_wconf 83' lang='lat' dir='ltr'>indigentiis</span> <span class='ocrx_word' id='word_1_294' title='bbox 1787 714 2164 758; x_wconf 78' lang='lat' dir='ltr'>consulamus-Cum</span> <span class='ocrx_word' id='word_1_295' title='bbox 2179 718 2322 770; x_wconf 87' lang='lat' dir='ltr'>igitur,</span> 
     </span>
     <span class='ocr_line' id='line_1_60' title="bbox 1343 772 2320 831; baseline 0.004 -16"><span class='ocrx_word' id='word_1_296' title='bbox 1343 787 1428 831; x_wconf 75' lang='lat' dir='ltr'>quae</span> <span class='ocrx_word' id='word_1_297' title='bbox 1448 772 1672 815; x_wconf 85' lang='lat' dir='ltr'>Catholicae</span> <span class='ocrx_word' id='word_1_298' title='bbox 1693 774 1917 828; x_wconf 84' lang='lat' dir='ltr'>Religionis</span> <span class='ocrx_word' id='word_1_299' title='bbox 1932 773 2073 816; x_wconf 87' lang='lat' dir='ltr'>semina</span> <span class='ocrx_word' id='word_1_300' title='bbox 2096 773 2192 830; x_wconf 86' lang='lat' dir='ltr'>jecit</span> <span class='ocrx_word' id='word_1_301' title='bbox 2206 775 2320 819; x_wconf 87' lang='lat' dir='ltr'>isthic</span> 
     </span>
     <span class='ocr_line' id='line_1_61' title="bbox 1343 832 2324 891; baseline 0 -16"><span class='ocrx_word' id='word_1_302' title='bbox 1343 832 1595 891; x_wconf 85' lang='lat' dir='ltr'>jampridem,</span> <span class='ocrx_word' id='word_1_303' title='bbox 1607 832 1775 876; x_wconf 82' lang='lat' dir='ltr'>dextera</span> <span class='ocrx_word' id='word_1_304' title='bbox 1787 833 2324 888; x_wconf 81' lang='lat' dir='ltr'>omnipotentis,maximum</span> 
     </span>
     <span class='ocr_line' id='line_1_62' title="bbox 1341 891 2320 950; baseline -0.001 -16"><span class='ocrx_word' id='word_1_305' title='bbox 1341 906 1499 950; x_wconf 84' lang='lat' dir='ltr'>quoque</span> <span class='ocrx_word' id='word_1_306' title='bbox 1527 891 1746 946; x_wconf 80' lang='lat' dir='ltr'>Apostolici</span> <span class='ocrx_word' id='word_1_307' title='bbox 1772 893 1907 947; x_wconf 85' lang='lat' dir='ltr'>operis</span> <span class='ocrx_word' id='word_1_308' title='bbox 1940 892 2095 935; x_wconf 89' lang='lat' dir='ltr'>cultum</span> <span class='ocrx_word' id='word_1_309' title='bbox 2125 893 2320 948; x_wconf 82' lang='lat' dir='ltr'>exigant,</span> 
     </span>
     <span class='ocr_line' id='line_1_63' title="bbox 1342 947 2323 1008; baseline 0.003 -16"><span class='ocrx_word' id='word_1_310' title='bbox 1342 952 1422 1008; x_wconf 76' lang='lat' dir='ltr'>quo</span> <span class='ocrx_word' id='word_1_311' title='bbox 1439 951 1566 994; x_wconf 83' lang='lat' dir='ltr'>verbo</span> <span class='ocrx_word' id='word_1_312' title='bbox 1583 950 1743 994; x_wconf 80' lang='lat' dir='ltr'>virtutis</span> <span class='ocrx_word' id='word_1_313' title='bbox 1773 951 1850 994; x_wconf 91' lang='lat' dir='ltr'>Dei</span> <span class='ocrx_word' id='word_1_314' title='bbox 1867 947 2057 994; x_wconf 75' lang='lat' dir='ltr'>foecunde</span> <span class='ocrx_word' id='word_1_315' title='bbox 2085 952 2323 995; x_wconf 83' lang='lat' dir='ltr'>nutriantur</span> 
     </span>
     <span class='ocr_line' id='line_1_64' title="bbox 1341 1007 2323 1066; baseline 0.001 -14"><span class='ocrx_word' id='word_1_316' title='bbox 1341 1010 1391 1052; x_wconf 85' lang='lat' dir='ltr'>ad</span> <span class='ocrx_word' id='word_1_317' title='bbox 1411 1007 1584 1052; x_wconf 67' lang='lat' dir='ltr'>fructum</span> <span class='ocrx_word' id='word_1_318' title='bbox 1602 1010 1691 1052; x_wconf 81' lang='lat' dir='ltr'>vitae</span> <span class='ocrx_word' id='word_1_319' title='bbox 1707 1038 1722 1061; x_wconf 88' lang='lat'>,</span> <span class='ocrx_word' id='word_1_320' title='bbox 1735 1010 1848 1052; x_wconf 78' lang='lat' dir='ltr'>novis</span> <span class='ocrx_word' id='word_1_321' title='bbox 1874 1008 2015 1053; x_wconf 88' lang='lat' dir='ltr'>itidem</span> <span class='ocrx_word' id='word_1_322' title='bbox 2030 1010 2236 1066; x_wconf 87' lang='lat' dir='ltr'>Operariis</span> <span class='ocrx_word' id='word_1_323' title='bbox 2253 1024 2323 1053; x_wconf 84' lang='lat' dir='ltr'>au-</span> 
     </span>
     <span class='ocr_line' id='line_1_65' title="bbox 1345 1067 2326 1125; baseline 0 -14"><span class='ocrx_word' id='word_1_324' title='bbox 1345 1067 1517 1125; x_wconf 85' lang='lat' dir='ltr'>gendum</span> <span class='ocrx_word' id='word_1_325' title='bbox 1534 1069 1573 1110; x_wconf 90' lang='lat' dir='ltr'>in</span> <span class='ocrx_word' id='word_1_326' title='bbox 1603 1070 1745 1124; x_wconf 85' lang='lat' dir='ltr'>Regno</span> <span class='ocrx_word' id='word_1_327' title='bbox 1771 1069 1843 1112; x_wconf 83' lang='lat' dir='ltr'>isto</span> <span class='ocrx_word' id='word_1_328' title='bbox 1864 1069 2048 1112; x_wconf 78' lang='lat' dir='ltr'>duximus</span> <span class='ocrx_word' id='word_1_329' title='bbox 2073 1072 2221 1124; x_wconf 81' lang='lat' dir='ltr'>Agrum</span> <span class='ocrx_word' id='word_1_330' title='bbox 2241 1071 2326 1111; x_wconf 89' lang='lat' dir='ltr'>Do-</span> 
     </span>
     <span class='ocr_line' id='line_1_66' title="bbox 1346 1125 2325 1177; baseline 0.001 -8"><span class='ocrx_word' id='word_1_331' title='bbox 1346 1127 1440 1169; x_wconf 88' lang='lat' dir='ltr'>mini</span> <span class='ocrx_word' id='word_1_332' title='bbox 1456 1155 1469 1177; x_wconf 87' lang='lat'>,</span> <span class='ocrx_word' id='word_1_333' title='bbox 1500 1139 1547 1168; x_wconf 92' lang='lat' dir='ltr'>ne</span> <span class='ocrx_word' id='word_1_334' title='bbox 1573 1126 1637 1167; x_wconf 79' lang='lat' dir='ltr'>vel</span> <span class='ocrx_word' id='word_1_335' title='bbox 1658 1129 1787 1169; x_wconf 83' lang='lat' dir='ltr'>teneri</span> <span class='ocrx_word' id='word_1_336' title='bbox 1814 1127 1978 1177; x_wconf 84' lang='lat' dir='ltr'>adhuc,</span> <span class='ocrx_word' id='word_1_337' title='bbox 2002 1130 2040 1171; x_wconf 75' lang='grc' dir='ltr'>δι</span> <span class='ocrx_word' id='word_1_338' title='bbox 2072 1125 2210 1170; x_wconf 83' lang='lat' dir='ltr'>faciles</span> <span class='ocrx_word' id='word_1_339' title='bbox 2224 1128 2325 1171; x_wconf 86' lang='lat' dir='ltr'>rami</span> 
     </span>
     <span class='ocr_line' id='line_1_67' title="bbox 1345 1184 2321 1244; baseline 0 -16"><span class='ocrx_word' id='word_1_340' title='bbox 1345 1184 1496 1228; x_wconf 90' lang='lat' dir='ltr'>inimici</span> <span class='ocrx_word' id='word_1_341' title='bbox 1510 1185 1678 1227; x_wconf 84' lang='lat' dir='ltr'>hominis</span> <span class='ocrx_word' id='word_1_342' title='bbox 1698 1186 1735 1226; x_wconf 87' lang='lat' dir='ltr'>vi</span> <span class='ocrx_word' id='word_1_343' title='bbox 1749 1211 1762 1234; x_wconf 81' lang='lat'>‚</span> <span class='ocrx_word' id='word_1_344' title='bbox 1777 1201 1822 1228; x_wconf 87' lang='lat' dir='ltr'>ac</span> <span class='ocrx_word' id='word_1_345' title='bbox 1838 1186 1979 1229; x_wconf 87' lang='lat' dir='ltr'>fraude</span> <span class='ocrx_word' id='word_1_346' title='bbox 2002 1188 2042 1230; x_wconf 90' lang='lat' dir='ltr'>in</span> <span class='ocrx_word' id='word_1_347' title='bbox 2057 1186 2220 1244; x_wconf 84' lang='lat' dir='ltr'>obliqua</span> <span class='ocrx_word' id='word_1_348' title='bbox 2249 1199 2321 1230; x_wconf 90' lang='lat' dir='ltr'>co-</span> 
     </span>
     <span class='ocr_line' id='line_1_68' title="bbox 1342 1242 2321 1300; baseline 0.004 -16"><span class='ocrx_word' id='word_1_349' title='bbox 1342 1253 1513 1300; x_wconf 73' lang='lat' dir='ltr'>gantur,</span> <span class='ocrx_word' id='word_1_350' title='bbox 1535 1242 1596 1284; x_wconf 80' lang='lat' dir='ltr'>vel</span> <span class='ocrx_word' id='word_1_351' title='bbox 1611 1242 1662 1284; x_wconf 80' lang='lat' dir='ltr'>ad</span> <span class='ocrx_word' id='word_1_352' title='bbox 1679 1256 1811 1285; x_wconf 91' lang='lat' dir='ltr'>rorem</span> <span class='ocrx_word' id='word_1_353' title='bbox 1831 1244 1966 1298; x_wconf 81' lang='lat' dir='ltr'>gratiae</span> <span class='ocrx_word' id='word_1_354' title='bbox 1993 1245 2321 1299; x_wconf 75' lang='lat' dir='ltr'>superabundan-</span> 
     </span>
     <span class='ocr_line' id='line_1_69' title="bbox 1343 1301 2318 1356; baseline 0.003 -12"><span class='ocrx_word' id='word_1_355' title='bbox 1343 1306 1395 1347; x_wconf 90' lang='lat' dir='ltr'>tis</span> <span class='ocrx_word' id='word_1_356' title='bbox 1411 1301 1574 1344; x_wconf 83' lang='lat' dir='ltr'>vixdum</span> <span class='ocrx_word' id='word_1_357' title='bbox 1600 1312 1851 1356; x_wconf 77' lang='lat' dir='ltr'>erumpentes</span> <span class='ocrx_word' id='word_1_358' title='bbox 1865 1303 2042 1356; x_wconf 71' lang='lat' dir='ltr'>segetum</span> <span class='ocrx_word' id='word_1_359' title='bbox 2057 1303 2180 1346; x_wconf 86' lang='lat' dir='ltr'>culmi</span> <span class='ocrx_word' id='word_1_360' title='bbox 2195 1318 2318 1346; x_wconf 83' lang='lat' dir='ltr'>uran-</span> 
     </span>
     <span class='ocr_line' id='line_1_70' title="bbox 1339 1358 2320 1416; baseline 0 -12"><span class='ocrx_word' id='word_1_361' title='bbox 1339 1370 1405 1404; x_wconf 85' lang='lat' dir='ltr'>tur</span> <span class='ocrx_word' id='word_1_362' title='bbox 1419 1362 1564 1416; x_wconf 82' lang='lat' dir='ltr'>hyeme</span> <span class='ocrx_word' id='word_1_363' title='bbox 1590 1358 1862 1415; x_wconf 77' lang='lat' dir='ltr'>intcmpessiva</span> <span class='ocrx_word' id='word_1_364' title='bbox 1878 1389 1895 1412; x_wconf 86' lang='lat'>,</span> <span class='ocrx_word' id='word_1_365' title='bbox 1918 1370 1987 1403; x_wconf 88' lang='lat' dir='ltr'>aut</span> <span class='ocrx_word' id='word_1_366' title='bbox 2014 1360 2138 1416; x_wconf 85' lang='lat' dir='ltr'>iniqui</span> <span class='ocrx_word' id='word_1_367' title='bbox 2171 1362 2320 1416; x_wconf 81' lang='lat' dir='ltr'>syderis</span> 
     </span>
     <span class='ocr_line' id='line_1_71' title="bbox 1341 1417 2322 1474; baseline 0 -12"><span class='ocrx_word' id='word_1_368' title='bbox 1341 1419 1479 1463; x_wconf 82' lang='lat' dir='ltr'>afflatu</span> <span class='ocrx_word' id='word_1_369' title='bbox 1491 1419 1672 1474; x_wconf 78' lang='lat' dir='ltr'>corrupti</span> <span class='ocrx_word' id='word_1_370' title='bbox 1690 1419 1845 1462; x_wconf 87' lang='lat' dir='ltr'>labores</span> <span class='ocrx_word' id='word_1_371' title='bbox 1860 1445 1875 1466; x_wconf 86' lang='lat'>‚</span> <span class='ocrx_word' id='word_1_372' title='bbox 1903 1420 1943 1460; x_wconf 78' lang='grc' dir='ltr'>δι</span> <span class='ocrx_word' id='word_1_373' title='bbox 1960 1417 2065 1474; x_wconf 83' lang='lat' dir='ltr'>spem</span> <span class='ocrx_word' id='word_1_374' title='bbox 2086 1418 2212 1462; x_wconf 81' lang='lat' dir='ltr'>villici</span> <span class='ocrx_word' id='word_1_375' title='bbox 2240 1418 2322 1463; x_wconf 84' lang='lat' dir='ltr'>fal-</span> 
     </span>
     <span class='ocr_line' id='line_1_72' title="bbox 1342 1476 2319 1530; baseline -0.005 -6"><span class='ocrx_word' id='word_1_376' title='bbox 1342 1480 1520 1530; x_wconf 79' lang='lat' dir='ltr'>lant‚ac</span> <span class='ocrx_word' id='word_1_377' title='bbox 1535 1477 1654 1521; x_wconf 82' lang='lat' dir='ltr'>sterili</span> <span class='ocrx_word' id='word_1_378' title='bbox 1683 1490 1829 1522; x_wconf 83' lang='lat' dir='ltr'>eventu</span> <span class='ocrx_word' id='word_1_379' title='bbox 1846 1476 2035 1521; x_wconf 77' lang='lat' dir='ltr'>fraudent</span> <span class='ocrx_word' id='word_1_380' title='bbox 2067 1477 2226 1521; x_wconf 83' lang='lat' dir='ltr'>meffem</span> <span class='ocrx_word' id='word_1_381' title='bbox 2244 1479 2319 1521; x_wconf 89' lang='lat' dir='ltr'>Dei</span> 
     </span>
     <span class='ocr_line' id='line_1_73' title="bbox 1346 1537 2322 1588; baseline -0.003 -7"><span class='ocrx_word' id='word_1_382' title='bbox 1346 1539 1511 1581; x_wconf 68' lang='lat' dir='ltr'>sanetam</span> <span class='ocrx_word' id='word_1_383' title='bbox 1528 1567 1540 1577; x_wconf 90' lang='lat'><strong><em>.</em></strong></span> <span class='ocrx_word' id='word_1_384' title='bbox 1571 1539 1664 1579; x_wconf 79' lang='lat' dir='ltr'>Haec</span> <span class='ocrx_word' id='word_1_385' title='bbox 1682 1539 1777 1580; x_wconf 77' lang='lat' dir='ltr'>vero</span> <span class='ocrx_word' id='word_1_386' title='bbox 1791 1566 1806 1588; x_wconf 86' lang='lat'>,</span> <span class='ocrx_word' id='word_1_387' title='bbox 1837 1552 1886 1580; x_wconf 89' lang='lat' dir='ltr'>ne</span> <span class='ocrx_word' id='word_1_388' title='bbox 1903 1538 2084 1580; x_wconf 69' lang='lat' dir='ltr'>hactenus</span> <span class='ocrx_word' id='word_1_389' title='bbox 2099 1537 2322 1581; x_wconf 65' lang='lat' dir='ltr'>Provincia</span> 
     </span>
     <span class='ocr_line' id='line_1_74' title="bbox 1345 1593 2323 1650; baseline -0.004 -10"><span class='ocrx_word' id='word_1_390' title='bbox 1345 1596 1404 1640; x_wconf 83' lang='lat' dir='ltr'>issi</span> <span class='ocrx_word' id='word_1_391' title='bbox 1418 1595 1698 1644; x_wconf 81' lang='lat' dir='ltr'>metuerimus,</span> <span class='ocrx_word' id='word_1_392' title='bbox 1710 1594 1936 1650; x_wconf 64' lang='lat' dir='ltr'>opportuni:</span> <span class='ocrx_word' id='word_1_393' title='bbox 1953 1593 2050 1637; x_wconf 83' lang='lat' dir='ltr'>fecit</span> <span class='ocrx_word' id='word_1_394' title='bbox 2067 1593 2214 1637; x_wconf 85' lang='lat' dir='ltr'>summa</span> <span class='ocrx_word' id='word_1_395' title='bbox 2240 1595 2323 1648; x_wconf 87' lang='lat' dir='ltr'>pie-</span> 
     </span>
     <span class='ocr_line' id='line_1_75' title="bbox 1344 1651 2321 1709; baseline -0.002 -12"><span class='ocrx_word' id='word_1_396' title='bbox 1344 1665 1406 1697; x_wconf 84' lang='lat' dir='ltr'>tss</span> <span class='ocrx_word' id='word_1_397' title='bbox 1420 1682 1435 1706; x_wconf 88' lang='lat'>‚</span> <span class='ocrx_word' id='word_1_398' title='bbox 1447 1668 1492 1696; x_wconf 89' lang='lat' dir='ltr'>ac</span> <span class='ocrx_word' id='word_1_399' title='bbox 1509 1653 1675 1707; x_wconf 85' lang='lat' dir='ltr'>Religio</span> <span class='ocrx_word' id='word_1_400' title='bbox 1688 1663 1758 1696; x_wconf 82' lang='lat' dir='ltr'>tut</span> <span class='ocrx_word' id='word_1_401' title='bbox 1769 1682 1784 1706; x_wconf 89' lang='lat'>‚</span> <span class='ocrx_word' id='word_1_402' title='bbox 1798 1666 1883 1709; x_wconf 79' lang='lat' dir='ltr'>quae</span> <span class='ocrx_word' id='word_1_403' title='bbox 1900 1651 2099 1695; x_wconf 73' lang='lat' dir='ltr'>sacrorum</span> <span class='ocrx_word' id='word_1_404' title='bbox 2113 1653 2321 1695; x_wconf 88' lang='lat' dir='ltr'>hominum</span> 
     </span>
     <span class='ocr_line' id='line_1_76' title="bbox 1344 1711 2317 1767; baseline -0.006 -9"><span class='ocrx_word' id='word_1_405' title='bbox 1344 1713 1583 1758; x_wconf 87' lang='lat' dir='ltr'>documenta</span> <span class='ocrx_word' id='word_1_406' title='bbox 1596 1712 1669 1756; x_wconf 81' lang='lat' dir='ltr'>fuo</span> <span class='ocrx_word' id='word_1_407' title='bbox 1680 1712 1867 1767; x_wconf 81' lang='lat' dir='ltr'>exemplo</span> <span class='ocrx_word' id='word_1_408' title='bbox 1879 1720 2131 1755; x_wconf 73' lang='lat' dir='ltr'>antevertens</span> <span class='ocrx_word' id='word_1_409' title='bbox 2148 1739 2161 1762; x_wconf 89' lang='lat'>‚</span> <span class='ocrx_word' id='word_1_410' title='bbox 2193 1711 2317 1766; x_wconf 65' lang='lat' dir='ltr'>Regii</span> 
     </span>
     <span class='ocr_line' id='line_1_77' title="bbox 1346 1769 2320 1826; baseline -0.004 -10"><span class='ocrx_word' id='word_1_411' title='bbox 1346 1774 1494 1816; x_wconf 78' lang='lat' dir='ltr'>virtute</span> <span class='ocrx_word' id='word_1_412' title='bbox 1525 1773 1627 1815; x_wconf 78' lang='lat' dir='ltr'>viam</span> <span class='ocrx_word' id='word_1_413' title='bbox 1652 1769 1746 1815; x_wconf 86' lang='lat' dir='ltr'>fecit</span> <span class='ocrx_word' id='word_1_414' title='bbox 1777 1770 2012 1814; x_wconf 73' lang='lat' dir='ltr'>institutioni</span> <span class='ocrx_word' id='word_1_415' title='bbox 2045 1770 2287 1826; x_wconf 88' lang='lat' dir='ltr'>populorum</span> <span class='ocrx_word' id='word_1_416' title='bbox 2304 1798 2320 1823; x_wconf 79' lang='lat'>,</span> 
     </span>
     <span class='ocr_line' id='line_1_78' title="bbox 1342 1827 2320 1887; baseline -0.004 -12"><span class='ocrx_word' id='word_1_417' title='bbox 1342 1842 1466 1887; x_wconf 79' lang='lat' dir='ltr'>atque</span> <span class='ocrx_word' id='word_1_418' title='bbox 1482 1831 1631 1876; x_wconf 81' lang='lat' dir='ltr'>eximio</span> <span class='ocrx_word' id='word_1_419' title='bbox 1650 1830 1690 1872; x_wconf 90' lang='lat' dir='ltr'>in</span> <span class='ocrx_word' id='word_1_420' title='bbox 1715 1844 1800 1874; x_wconf 90' lang='lat' dir='ltr'>rem</span> <span class='ocrx_word' id='word_1_421' title='bbox 1815 1829 2074 1874; x_wconf 85' lang='lat' dir='ltr'>Catholicam</span> <span class='ocrx_word' id='word_1_422' title='bbox 2093 1827 2223 1872; x_wconf 83' lang='lat' dir='ltr'>fludio</span> <span class='ocrx_word' id='word_1_423' title='bbox 2238 1857 2253 1881; x_wconf 85' lang='lat'>,</span> <span class='ocrx_word' id='word_1_424' title='bbox 2267 1828 2320 1871; x_wconf 86' lang='lat' dir='ltr'>fic</span> 
     </span>
     <span class='ocr_line' id='line_1_79' title="bbox 1343 1886 2317 1945; baseline -0.003 -12"><span class='ocrx_word' id='word_1_425' title='bbox 1343 1891 1444 1933; x_wconf 84' lang='lat' dir='ltr'>fovit</span> <span class='ocrx_word' id='word_1_426' title='bbox 1464 1889 1841 1945; x_wconf 75' lang='lat' dir='ltr'>Agric‹›lss,bonum</span> <span class='ocrx_word' id='word_1_427' title='bbox 1854 1889 1984 1934; x_wconf 72' lang='lat' dir='ltr'>femen</span> <span class='ocrx_word' id='word_1_428' title='bbox 1998 1886 2228 1931; x_wconf 69' lang='lat' dir='ltr'>seminantes</span> <span class='ocrx_word' id='word_1_429' title='bbox 2242 1916 2257 1939; x_wconf 85' lang='lat'>‚</span> <span class='ocrx_word' id='word_1_430' title='bbox 2272 1895 2317 1930; x_wconf 89' lang='lat' dir='ltr'>ut</span> 
     </span>
     <span class='ocr_line' id='line_1_80' title="bbox 1344 1946 2318 2003; baseline -0.004 -11"><span class='ocrx_word' id='word_1_431' title='bbox 1344 1948 1483 1992; x_wconf 68' lang='lat' dir='ltr'>mantis</span> <span class='ocrx_word' id='word_1_432' title='bbox 1501 1959 1576 1992; x_wconf 71' lang='grc' dir='ltr'>ωε</span> <span class='ocrx_word' id='word_1_433' title='bbox 1587 1962 1667 2003; x_wconf 89' lang='lat' dir='ltr'>ope</span> <span class='ocrx_word' id='word_1_434' title='bbox 1688 1961 1886 2003; x_wconf 82' lang='lat' dir='ltr'>exurgens</span> <span class='ocrx_word' id='word_1_435' title='bbox 1915 1947 2118 1990; x_wconf 78' lang='lat' dir='ltr'>videamus</span> <span class='ocrx_word' id='word_1_436' title='bbox 2131 1946 2214 1989; x_wconf 79' lang='lat' dir='ltr'>istic</span> <span class='ocrx_word' id='word_1_437' title='bbox 2229 1959 2318 2000; x_wconf 85' lang='lat' dir='ltr'>ger-</span> 
     </span>
     <span class='ocr_line' id='line_1_81' title="bbox 1341 2004 2321 2065; baseline -0.003 -16"><span class='ocrx_word' id='word_1_438' title='bbox 1341 2021 1433 2065; x_wconf 84' lang='lat' dir='ltr'>men</span> <span class='ocrx_word' id='word_1_439' title='bbox 1452 2006 1614 2049; x_wconf 88' lang='lat' dir='ltr'>Domini</span> <span class='ocrx_word' id='word_1_440' title='bbox 1641 2007 1680 2048; x_wconf 91' lang='lat' dir='ltr'>in</span> <span class='ocrx_word' id='word_1_441' title='bbox 1708 2004 2034 2061; x_wconf 75' lang='lat' dir='ltr'>magnificentia,</span> <span class='ocrx_word' id='word_1_442' title='bbox 2059 2004 2321 2047; x_wconf 63' lang='lat' dir='ltr'>&amp;fructum</span> 
     </span>
     <span class='ocr_line' id='line_1_82' title="bbox 1340 2062 2318 2120; baseline -0.006 -11"><span class='ocrx_word' id='word_1_443' title='bbox 1340 2077 1455 2109; x_wconf 81' lang='lat' dir='ltr'>terrae</span> <span class='ocrx_word' id='word_1_444' title='bbox 1468 2065 1673 2108; x_wconf 87' lang='lat' dir='ltr'>sublimem</span> <span class='ocrx_word' id='word_1_445' title='bbox 1687 2093 1701 2116; x_wconf 88' lang='lat'>‚</span> <span class='ocrx_word' id='word_1_446' title='bbox 1727 2080 1772 2107; x_wconf 85' lang='lat' dir='ltr'>ac</span> <span class='ocrx_word' id='word_1_447' title='bbox 1786 2064 1904 2120; x_wconf 71' lang='lat' dir='ltr'>plane</span> <span class='ocrx_word' id='word_1_448' title='bbox 1928 2062 2081 2107; x_wconf 80' lang='lat' dir='ltr'>desem</span> <span class='ocrx_word' id='word_1_449' title='bbox 2099 2068 2137 2106; x_wconf 92' lang='lat' dir='ltr'>in</span> <span class='ocrx_word' id='word_1_450' title='bbox 2153 2064 2318 2106; x_wconf 89' lang='lat' dir='ltr'>uberta-</span> 
     </span>
     <span class='ocr_line' id='line_1_83' title="bbox 1341 2122 2316 2181; baseline -0.002 -15"><span class='ocrx_word' id='word_1_451' title='bbox 1341 2135 1423 2166; x_wconf 91' lang='lat' dir='ltr'>tem</span> <span class='ocrx_word' id='word_1_452' title='bbox 1440 2123 1550 2165; x_wconf 82' lang='lat' dir='ltr'>versa</span> <span class='ocrx_word' id='word_1_453' title='bbox 1563 2122 1722 2165; x_wconf 80' lang='lat' dir='ltr'>advenae</span> <span class='ocrx_word' id='word_1_454' title='bbox 1743 2122 2079 2181; x_wconf 70' lang='lat' dir='ltr'>comedantzQae</span> <span class='ocrx_word' id='word_1_455' title='bbox 2094 2135 2184 2162; x_wconf 89' lang='lat' dir='ltr'>cum</span> <span class='ocrx_word' id='word_1_456' title='bbox 2201 2123 2316 2164; x_wconf 85' lang='lat' dir='ltr'>Pon·</span> 
     </span>
     <span class='ocr_line' id='line_1_84' title="bbox 1339 2179 2317 2235; baseline -0.003 -11"><span class='ocrx_word' id='word_1_457' title='bbox 1339 2179 1502 2224; x_wconf 73' lang='lat' dir='ltr'>tificism</span> <span class='ocrx_word' id='word_1_458' title='bbox 1520 2190 1696 2223; x_wconf 89' lang='lat' dir='ltr'>mentem</span> <span class='ocrx_word' id='word_1_459' title='bbox 1710 2190 1933 2235; x_wconf 82' lang='lat' dir='ltr'>provocent</span> <span class='ocrx_word' id='word_1_460' title='bbox 1957 2180 2007 2222; x_wconf 77' lang='lat' dir='ltr'>ad</span> <span class='ocrx_word' id='word_1_461' title='bbox 2034 2180 2160 2222; x_wconf 79' lang='lat' dir='ltr'>studia</span> <span class='ocrx_word' id='word_1_462' title='bbox 2187 2193 2317 2230; x_wconf 74' lang='lat' dir='ltr'>operat</span> 
     </span>
     <span class='ocr_line' id='line_1_85' title="bbox 1339 2237 2317 2288; baseline -0.003 -7"><span class='ocrx_word' id='word_1_463' title='bbox 1339 2238 1563 2288; x_wconf 69' lang='lat' dir='ltr'>alacrioris,</span> <span class='ocrx_word' id='word_1_464' title='bbox 1576 2240 1774 2281; x_wconf 77' lang='lat' dir='ltr'>mittimus</span> <span class='ocrx_word' id='word_1_465' title='bbox 1791 2241 1970 2283; x_wconf 82' lang='lat' dir='ltr'>Fratrem</span> <span class='ocrx_word' id='word_1_466' title='bbox 1988 2237 2210 2281; x_wconf 78' lang='lat' dir='ltr'>Antonium</span> <span class='ocrx_word' id='word_1_467' title='bbox 2229 2238 2317 2280; x_wconf 86' lang='lat' dir='ltr'>Ro-</span> 
     </span>
     <span class='ocr_line' id='line_1_86' title="bbox 1339 2297 2316 2351; baseline 0 -12"><span class='ocrx_word' id='word_1_468' title='bbox 1339 2312 1496 2341; x_wconf 87' lang='lat' dir='ltr'>manum</span> <span class='ocrx_word' id='word_1_469' title='bbox 1519 2311 1613 2341; x_wconf 85' lang='lat' dir='ltr'>cum</span> <span class='ocrx_word' id='word_1_470' title='bbox 1628 2297 1807 2351; x_wconf 88' lang='lat' dir='ltr'>pluribus</span> <span class='ocrx_word' id='word_1_471' title='bbox 1829 2298 1996 2341; x_wconf 84' lang='lat' dir='ltr'>Ordinis</span> <span class='ocrx_word' id='word_1_472' title='bbox 2015 2297 2316 2351; x_wconf 86' lang='lat' dir='ltr'>Capucinorum</span> 
     </span>
     <span class='ocr_line' id='line_1_87' title="bbox 1336 2355 2319 2412; baseline -0.002 -14"><span class='ocrx_word' id='word_1_473' title='bbox 1336 2357 1479 2406; x_wconf 83' lang='lat' dir='ltr'>Sociis,</span> <span class='ocrx_word' id='word_1_474' title='bbox 1495 2356 1672 2412; x_wconf 76' lang='lat' dir='ltr'>probntae</span> <span class='ocrx_word' id='word_1_475' title='bbox 1686 2356 1928 2412; x_wconf 81' lang='lat' dir='ltr'>integritstis</span> <span class='ocrx_word' id='word_1_476' title='bbox 1946 2387 1959 2409; x_wconf 80' lang='lat'>,</span> <span class='ocrx_word' id='word_1_477' title='bbox 1986 2370 2031 2399; x_wconf 78' lang='lat' dir='ltr'>ac</span> <span class='ocrx_word' id='word_1_478' title='bbox 2047 2355 2155 2397; x_wconf 73' lang='lat' dir='ltr'>famae</span> <span class='ocrx_word' id='word_1_479' title='bbox 2175 2355 2285 2397; x_wconf 84' lang='lat' dir='ltr'>Viris</span> <span class='ocrx_word' id='word_1_480' title='bbox 2303 2383 2319 2405; x_wconf 89' lang='lat'>‚</span> 
     </span>
     <span class='ocr_line' id='line_1_88' title="bbox 1337 2413 2315 2472; baseline -0.002 -15"><span class='ocrx_word' id='word_1_481' title='bbox 1337 2416 1403 2472; x_wconf 88' lang='lat' dir='ltr'>qui</span> <span class='ocrx_word' id='word_1_482' title='bbox 1417 2415 1498 2458; x_wconf 87' lang='lat' dir='ltr'>istic</span> <span class='ocrx_word' id='word_1_483' title='bbox 1516 2413 1740 2472; x_wconf 78' lang='lat' dir='ltr'>Apostolici</span> <span class='ocrx_word' id='word_1_484' title='bbox 1754 2418 1929 2459; x_wconf 87' lang='lat' dir='ltr'>muneris</span> <span class='ocrx_word' id='word_1_485' title='bbox 1962 2414 2083 2457; x_wconf 83' lang='lat' dir='ltr'>nostri</span> <span class='ocrx_word' id='word_1_486' title='bbox 2100 2414 2315 2455; x_wconf 84' lang='lat' dir='ltr'>conatibus</span> 
     </span>
     <span class='ocr_line' id='line_1_89' title="bbox 1340 2472 2316 2523; baseline -0.007 -5"><span class='ocrx_word' id='word_1_487' title='bbox 1340 2474 1610 2523; x_wconf 70' lang='lat' dir='ltr'>adhiberent,</span> <span class='ocrx_word' id='word_1_488' title='bbox 1637 2488 1705 2516; x_wconf 88' lang='lat' dir='ltr'>eos</span> <span class='ocrx_word' id='word_1_489' title='bbox 1718 2485 1850 2517; x_wconf 89' lang='lat' dir='ltr'>autem</span> <span class='ocrx_word' id='word_1_490' title='bbox 1866 2476 1885 2515; x_wconf 73' lang='lat' dir='ltr'>a</span> <span class='ocrx_word' id='word_1_491' title='bbox 1906 2476 1965 2516; x_wconf 85' lang='lat' dir='ltr'>Te</span> <span class='ocrx_word' id='word_1_492' title='bbox 1986 2475 2026 2515; x_wconf 88' lang='lat'>&amp;</span> <span class='ocrx_word' id='word_1_493' title='bbox 2044 2472 2316 2516; x_wconf 79' lang='lat' dir='ltr'>humanislime</span> 
     </span>
     <span class='ocr_line' id='line_1_90' title="bbox 1342 2532 2320 2589; baseline -0.005 -13"><span class='ocrx_word' id='word_1_494' title='bbox 1342 2534 1567 2584; x_wconf 78' lang='lat' dir='ltr'>habendos,</span> <span class='ocrx_word' id='word_1_495' title='bbox 1598 2534 1638 2576; x_wconf 74' lang='grc' dir='ltr'>δι</span> <span class='ocrx_word' id='word_1_496' title='bbox 1662 2546 1739 2589; x_wconf 86' lang='lat' dir='ltr'>pro</span> <span class='ocrx_word' id='word_1_497' title='bbox 1768 2535 1916 2576; x_wconf 82' lang='lat' dir='ltr'>viribus</span> <span class='ocrx_word' id='word_1_498' title='bbox 1944 2532 2141 2587; x_wconf 80' lang='lat' dir='ltr'>juvandos</span> <span class='ocrx_word' id='word_1_499' title='bbox 2158 2534 2320 2574; x_wconf 55' lang='lat' dir='ltr'>etiam.)</span> 
     </span>
     <span class='ocr_line' id='line_1_91' title="bbox 1342 2590 2318 2646; baseline -0.007 -10"><span class='ocrx_word' id='word_1_500' title='bbox 1342 2592 1595 2642; x_wconf 86' lang='lat' dir='ltr'>confidimus,</span> <span class='ocrx_word' id='word_1_501' title='bbox 1608 2591 1784 2646; x_wconf 86' lang='lat' dir='ltr'>ut,quod</span> <span class='ocrx_word' id='word_1_502' title='bbox 1798 2605 1939 2634; x_wconf 87' lang='lat' dir='ltr'>eorum</span> <span class='ocrx_word' id='word_1_503' title='bbox 1955 2591 2135 2633; x_wconf 75' lang='lat' dir='ltr'>custodia</span> <span class='ocrx_word' id='word_1_504' title='bbox 2150 2590 2318 2643; x_wconf 86' lang='lat' dir='ltr'>septum,</span> 
     </span>
     <span class='ocr_line' id='line_1_92' title="bbox 1342 2647 2318 2703; baseline -0.009 -9"><span class='ocrx_word' id='word_1_505' title='bbox 1342 2665 1385 2694; x_wconf 81' lang='lat' dir='ltr'>ac</span> <span class='ocrx_word' id='word_1_506' title='bbox 1404 2648 1524 2692; x_wconf 82' lang='lat' dir='ltr'>saeris</span> <span class='ocrx_word' id='word_1_507' title='bbox 1538 2651 1712 2703; x_wconf 84' lang='lat' dir='ltr'>rigatum</span> <span class='ocrx_word' id='word_1_508' title='bbox 1726 2647 1934 2690; x_wconf 87' lang='lat' dir='ltr'>sudoribus</span> <span class='ocrx_word' id='word_1_509' title='bbox 1954 2648 2088 2694; x_wconf 86' lang='lat' dir='ltr'>fucrit,</span> <span class='ocrx_word' id='word_1_510' title='bbox 2102 2647 2217 2703; x_wconf 62' lang='lat' dir='ltr'>plena</span> <span class='ocrx_word' id='word_1_511' title='bbox 2231 2647 2318 2700; x_wconf 85' lang='lat' dir='ltr'>Spi-</span> 
     </span>
     <span class='ocr_line' id='line_1_93' title="bbox 1345 2706 2319 2760; baseline -0.006 -9"><span class='ocrx_word' id='word_1_512' title='bbox 1345 2706 1445 2752; x_wconf 82' lang='lat' dir='ltr'>ritt‘is</span> <span class='ocrx_word' id='word_1_513' title='bbox 1459 2707 1589 2749; x_wconf 63' lang='lat' dir='ltr'>Sancii</span> <span class='ocrx_word' id='word_1_514' title='bbox 1614 2707 1766 2748; x_wconf 83' lang='lat' dir='ltr'>virtute</span> <span class='ocrx_word' id='word_1_515' title='bbox 1778 2706 1930 2748; x_wconf 85' lang='lat' dir='ltr'>crescat</span> <span class='ocrx_word' id='word_1_516' title='bbox 1956 2706 1994 2746; x_wconf 89' lang='lat' dir='ltr'>in</span> <span class='ocrx_word' id='word_1_517' title='bbox 2020 2714 2319 2760; x_wconf 65' lang='lat' dir='ltr'>augmentum-2</span> 
     </span>
     <span class='ocr_line' id='line_1_94' title="bbox 1347 2762 2316 2819; baseline -0.005 -10"><span class='ocrx_word' id='word_1_518' title='bbox 1347 2765 1436 2809; x_wconf 88' lang='lat' dir='ltr'>Dei.</span> <span class='ocrx_word' id='word_1_519' title='bbox 1455 2763 1706 2819; x_wconf 79' lang='lat' dir='ltr'>Percepimus</span> <span class='ocrx_word' id='word_1_520' title='bbox 1721 2762 1909 2819; x_wconf 81' lang='lat' dir='ltr'>liquidem</span> <span class='ocrx_word' id='word_1_521' title='bbox 1922 2776 2014 2804; x_wconf 88' lang='lat' dir='ltr'>cum</span> <span class='ocrx_word' id='word_1_522' title='bbox 2031 2763 2184 2817; x_wconf 65' lang='lat' dir='ltr'>ingenti</span> <span class='ocrx_word' id='word_1_523' title='bbox 2200 2763 2316 2816; x_wconf 81' lang='lat' dir='ltr'>Apo-</span> 
     </span>
     <span class='ocr_line' id='line_1_95' title="bbox 1345 2820 2319 2875; baseline -0.005 -8"><span class='ocrx_word' id='word_1_524' title='bbox 1345 2825 1488 2868; x_wconf 79' lang='lat' dir='ltr'>stolicae</span> <span class='ocrx_word' id='word_1_525' title='bbox 1502 2823 1647 2865; x_wconf 76' lang='lat' dir='ltr'>latitiae</span> <span class='ocrx_word' id='word_1_526' title='bbox 1662 2822 1910 2875; x_wconf 80' lang='lat' dir='ltr'>jucunditate</span> <span class='ocrx_word' id='word_1_527' title='bbox 1926 2823 1987 2863; x_wconf 83' lang='lat' dir='ltr'>Te</span> <span class='ocrx_word' id='word_1_528' title='bbox 2005 2820 2162 2862; x_wconf 74' lang='lat' dir='ltr'>Domus</span> <span class='ocrx_word' id='word_1_529' title='bbox 2176 2821 2319 2862; x_wconf 87' lang='lat' dir='ltr'>Domi-</span> 
     </span>
     <span class='ocr_line' id='line_1_96' title="bbox 1344 2877 2318 2936; baseline -0.006 -8"><span class='ocrx_word' id='word_1_530' title='bbox 1344 2885 1388 2928; x_wconf 87' lang='lat' dir='ltr'>ni</span> <span class='ocrx_word' id='word_1_531' title='bbox 1401 2884 1594 2927; x_wconf 85' lang='lat' dir='ltr'>decorem</span> <span class='ocrx_word' id='word_1_532' title='bbox 1617 2881 1750 2936; x_wconf 76' lang='lat' dir='ltr'>Regiae</span> <span class='ocrx_word' id='word_1_533' title='bbox 1762 2880 1956 2934; x_wconf 80' lang='lat' dir='ltr'>Maiestati</span> <span class='ocrx_word' id='word_1_534' title='bbox 1973 2877 2264 2934; x_wconf 70' lang='lat' dir='ltr'>praeferentem,</span> <span class='ocrx_word' id='word_1_535' title='bbox 2276 2881 2318 2922; x_wconf 85' lang='lat' dir='ltr'>in</span> 
     </span>
     <span class='ocr_line' id='line_1_97' title="bbox 1349 2938 2318 2990; baseline -0.01 -2"><span class='ocrx_word' id='word_1_536' title='bbox 1349 2956 1399 2988; x_wconf 91' lang='lat' dir='ltr'>eo</span> <span class='ocrx_word' id='word_1_537' title='bbox 1411 2952 1542 2986; x_wconf 88' lang='lat' dir='ltr'>totum</span> <span class='ocrx_word' id='word_1_538' title='bbox 1559 2939 1705 2983; x_wconf 83' lang='lat' dir='ltr'>versari</span> <span class='ocrx_word' id='word_1_539' title='bbox 1717 2967 1732 2990; x_wconf 82' lang='lat'><strong>‚</strong></span> <span class='ocrx_word' id='word_1_540' title='bbox 1747 2950 1793 2983; x_wconf 91' lang='lat' dir='ltr'>ut</span> <span class='ocrx_word' id='word_1_541' title='bbox 1806 2942 1952 2984; x_wconf 72' lang='lat' dir='ltr'>Sanetae</span> <span class='ocrx_word' id='word_1_542' title='bbox 1969 2938 2079 2981; x_wconf 81' lang='lat' dir='ltr'>Fidei</span> <span class='ocrx_word' id='word_1_543' title='bbox 2092 2939 2318 2981; x_wconf 88' lang='lat' dir='ltr'>incremen-</span> 
     </span>
     <span class='ocr_line' id='line_1_98' title="bbox 1350 2997 2317 3054; baseline -0.008 -8"><span class='ocrx_word' id='word_1_544' title='bbox 1350 3012 1394 3046; x_wconf 87' lang='lat' dir='ltr'>to</span> <span class='ocrx_word' id='word_1_545' title='bbox 1409 3032 1423 3053; x_wconf 93' lang='lat'>‚</span> <span class='ocrx_word' id='word_1_546' title='bbox 1440 3015 1486 3043; x_wconf 82' lang='lat' dir='ltr'>ac</span> <span class='ocrx_word' id='word_1_547' title='bbox 1499 2999 1702 3044; x_wconf 84' lang='lat' dir='ltr'>securitati</span> <span class='ocrx_word' id='word_1_548' title='bbox 1717 2997 1928 3054; x_wconf 78' lang='lat' dir='ltr'>prospicias</span> <span class='ocrx_word' id='word_1_549' title='bbox 1941 3026 1955 3036; x_wconf 88' lang='lat'>-</span> <span class='ocrx_word' id='word_1_550' title='bbox 1981 2998 2108 3052; x_wconf 92' lang='lat' dir='ltr'>Quod</span> <span class='ocrx_word' id='word_1_551' title='bbox 2124 3010 2317 3052; x_wconf 74' lang='lat' dir='ltr'>magnum</span> 
     </span>
     <span class='ocr_line' id='line_1_99' title="bbox 1350 3055 2319 3103; baseline -0.01 0"><span class='ocrx_word' id='word_1_552' title='bbox 1350 3060 1558 3103; x_wconf 77' lang='lat' dir='ltr'>enimvero</span> <span class='ocrx_word' id='word_1_553' title='bbox 1593 3056 1813 3100; x_wconf 83' lang='lat' dir='ltr'>sedulitatis</span> <span class='ocrx_word' id='word_1_554' title='bbox 1838 3057 1980 3100; x_wconf 84' lang='lat' dir='ltr'>nostrae</span> <span class='ocrx_word' id='word_1_555' title='bbox 2003 3055 2186 3099; x_wconf 78' lang='lat' dir='ltr'>lolatium</span> <span class='ocrx_word' id='word_1_556' title='bbox 2203 3055 2319 3097; x_wconf 85' lang='lat' dir='ltr'>Divi-</span> 
     </span>
     <span class='ocr_line' id='line_1_100' title="bbox 1350 3112 2320 3172; baseline -0.008 -8"><span class='ocrx_word' id='word_1_557' title='bbox 1350 3134 1409 3164; x_wconf 82' lang='lat' dir='ltr'>nae</span> <span class='ocrx_word' id='word_1_558' title='bbox 1421 3116 1599 3162; x_wconf 84' lang='lat' dir='ltr'>Bonitati</span> <span class='ocrx_word' id='word_1_559' title='bbox 1612 3116 1819 3160; x_wconf 85' lang='lat' dir='ltr'>referimus</span> <span class='ocrx_word' id='word_1_560' title='bbox 1830 3144 1846 3167; x_wconf 86' lang='lat'>,</span> <span class='ocrx_word' id='word_1_561' title='bbox 1863 3116 1946 3164; x_wconf 79' lang='lat' dir='ltr'>cui,</span> <span class='ocrx_word' id='word_1_562' title='bbox 1959 3129 2050 3158; x_wconf 87' lang='lat' dir='ltr'>cum</span> <span class='ocrx_word' id='word_1_563' title='bbox 2072 3112 2320 3172; x_wconf 81' lang='lat' dir='ltr'>flagrantissi—</span> 
     </span>
     <span class='ocr_line' id='line_1_101' title="bbox 1349 3172 2318 3234; baseline -0.008 -12"><span class='ocrx_word' id='word_1_564' title='bbox 1349 3179 1427 3222; x_wconf 89' lang='lat' dir='ltr'>mis</span> <span class='ocrx_word' id='word_1_565' title='bbox 1444 3176 1631 3234; x_wconf 87' lang='lat' dir='ltr'>precibus</span> <span class='ocrx_word' id='word_1_566' title='bbox 1660 3175 1918 3220; x_wconf 78' lang='lat' dir='ltr'>institerimus</span> <span class='ocrx_word' id='word_1_567' title='bbox 1931 3204 1949 3226; x_wconf 91' lang='lat'>‚</span> <span class='ocrx_word' id='word_1_568' title='bbox 1978 3184 2022 3216; x_wconf 92' lang='lat' dir='ltr'>ut</span> <span class='ocrx_word' id='word_1_569' title='bbox 2053 3172 2318 3230; x_wconf 63' lang='lat' dir='ltr'>providentia</span> 
     </span>
     <span class='ocr_line' id='line_1_102' title="bbox 1350 3230 2318 3293; baseline -0.012 -12"><span class='ocrx_word' id='word_1_570' title='bbox 1350 3237 1488 3291; x_wconf 66' lang='lat' dir='ltr'>nostrat</span> <span class='ocrx_word' id='word_1_571' title='bbox 1500 3247 1646 3293; x_wconf 84' lang='lat' dir='ltr'>pennas</span> <span class='ocrx_word' id='word_1_572' title='bbox 1658 3234 1772 3278; x_wconf 86' lang='lat' dir='ltr'>daret</span> <span class='ocrx_word' id='word_1_573' title='bbox 1789 3234 1883 3278; x_wconf 87' lang='lat' dir='ltr'>ficut</span> <span class='ocrx_word' id='word_1_574' title='bbox 1902 3232 2205 3287; x_wconf 76' lang='lat' dir='ltr'>Columbae‚qu?&gt;</span> <span class='ocrx_word' id='word_1_575' title='bbox 2222 3230 2318 3272; x_wconf 88' lang='lat' dir='ltr'>istuc</span> 
     </span>
     <span class='ocr_line' id='line_1_103' title="bbox 1349 3289 2317 3349; baseline -0.012 -10"><span class='ocrx_word' id='word_1_576' title='bbox 1349 3296 1399 3339; x_wconf 88' lang='lat' dir='ltr'>ad</span> <span class='ocrx_word' id='word_1_577' title='bbox 1414 3310 1499 3339; x_wconf 92' lang='lat' dir='ltr'>rem</span> <span class='ocrx_word' id='word_1_578' title='bbox 1526 3293 1793 3338; x_wconf 74' lang='lat' dir='ltr'>Christianam</span> <span class='ocrx_word' id='word_1_579' title='bbox 1821 3294 2023 3349; x_wconf 85' lang='lat' dir='ltr'>publicam</span> <span class='ocrx_word' id='word_1_580' title='bbox 2048 3289 2317 3337; x_wconf 78' lang='lat' dir='ltr'>afferendam,</span> 
     </span>
     <span class='ocr_line' id='line_1_104' title="bbox 1350 3348 2318 3409; baseline -0.012 -11"><span class='ocrx_word' id='word_1_581' title='bbox 1350 3354 1626 3409; x_wconf 77' lang='lat' dir='ltr'>tuendamque</span> <span class='ocrx_word' id='word_1_582' title='bbox 1639 3352 1880 3396; x_wconf 84' lang='lat' dir='ltr'>convolaret</span> <span class='ocrx_word' id='word_1_583' title='bbox 1893 3381 1909 3402; x_wconf 93' lang='lat'>,</span> <span class='ocrx_word' id='word_1_584' title='bbox 1922 3349 2075 3404; x_wconf 89' lang='lat' dir='ltr'>placuit</span> <span class='ocrx_word' id='word_1_585' title='bbox 2098 3348 2228 3390; x_wconf 88' lang='lat' dir='ltr'>zelum</span> <span class='ocrx_word' id='word_1_586' title='bbox 2243 3358 2318 3387; x_wconf 89' lang='lat' dir='ltr'>no-</span> 
     </span>
     <span class='ocr_line' id='line_1_105' title="bbox 1350 3406 2317 3467; baseline -0.013 -10"><span class='ocrx_word' id='word_1_587' title='bbox 1350 3414 1473 3457; x_wconf 83' lang='lat' dir='ltr'>strum</span> <span class='ocrx_word' id='word_1_588' title='bbox 1489 3411 1650 3466; x_wconf 89' lang='lat' dir='ltr'>impleri</span> <span class='ocrx_word' id='word_1_589' title='bbox 1665 3413 1811 3467; x_wconf 87' lang='lat' dir='ltr'>pietate</span> <span class='ocrx_word' id='word_1_590' title='bbox 1825 3440 1840 3461; x_wconf 92' lang='lat'>,</span> <span class='ocrx_word' id='word_1_591' title='bbox 1862 3423 1904 3450; x_wconf 85' lang='lat' dir='ltr'>ac</span> <span class='ocrx_word' id='word_1_592' title='bbox 1922 3407 2080 3449; x_wconf 82' lang='lat' dir='ltr'>solertia</span> <span class='ocrx_word' id='word_1_593' title='bbox 2109 3417 2196 3448; x_wconf 85' lang='lat' dir='ltr'>tua.</span> <span class='ocrx_word' id='word_1_594' title='bbox 2229 3406 2317 3446; x_wconf 84' lang='lat' dir='ltr'>Hac</span> 
     </span>
     <span class='ocr_line' id='line_1_106' title="bbox 1345 3466 2315 3523; baseline -0.013 -8"><span class='ocrx_word' id='word_1_595' title='bbox 1345 3468 1437 3515; x_wconf 65' lang='lat' dir='ltr'>fane</span> <span class='ocrx_word' id='word_1_596' title='bbox 1454 3501 1470 3523; x_wconf 89' lang='lat'><strong>,</strong></span> <span class='ocrx_word' id='word_1_597' title='bbox 1483 3468 1717 3514; x_wconf 79' lang='lat' dir='ltr'>Cluriffime</span> <span class='ocrx_word' id='word_1_598' title='bbox 1734 3469 1809 3512; x_wconf 80' lang='lat' dir='ltr'>Fili</span> <span class='ocrx_word' id='word_1_599' title='bbox 1821 3467 1964 3513; x_wconf 82' lang='lat' dir='ltr'>noster,</span> <span class='ocrx_word' id='word_1_600' title='bbox 1975 3466 2213 3508; x_wconf 87' lang='lat' dir='ltr'>meritorum</span> <span class='ocrx_word' id='word_1_601' title='bbox 2226 3471 2315 3504; x_wconf 89' lang='lat' dir='ltr'>tuo·</span> 
     </span>
     <span class='ocr_line' id='line_1_107' title="bbox 1345 3522 2316 3578; baseline -0.012 -5"><span class='ocrx_word' id='word_1_602' title='bbox 1345 3544 1433 3573; x_wconf 90' lang='lat' dir='ltr'>rum</span> <span class='ocrx_word' id='word_1_603' title='bbox 1455 3526 1672 3570; x_wconf 82' lang='lat' dir='ltr'>acceffione</span> <span class='ocrx_word' id='word_1_604' title='bbox 1684 3526 1891 3570; x_wconf 85' lang='lat' dir='ltr'>tenerrimi</span> <span class='ocrx_word' id='word_1_605' title='bbox 1915 3536 2010 3578; x_wconf 87' lang='lat' dir='ltr'>erga</span> <span class='ocrx_word' id='word_1_606' title='bbox 2028 3526 2084 3566; x_wconf 82' lang='lat' dir='ltr'>Te</span> <span class='ocrx_word' id='word_1_607' title='bbox 2098 3522 2232 3565; x_wconf 88' lang='lat' dir='ltr'>sensus</span> <span class='ocrx_word' id='word_1_608' title='bbox 2245 3533 2316 3562; x_wconf 82' lang='lat' dir='ltr'>ex-</span> 
     </span>
     <span class='ocr_line' id='line_1_108' title="bbox 1346 3577 2315 3636; baseline -0.013 -4"><span class='ocrx_word' id='word_1_609' title='bbox 1346 3589 1519 3632; x_wconf 85' lang='lat' dir='ltr'>citantur</span> <span class='ocrx_word' id='word_1_610' title='bbox 1533 3585 1823 3627; x_wconf 85' lang='lat' dir='ltr'>benevolentiae</span> <span class='ocrx_word' id='word_1_611' title='bbox 1840 3581 1975 3624; x_wconf 81' lang='lat' dir='ltr'>nosttae</span> <span class='ocrx_word' id='word_1_612' title='bbox 1988 3609 2002 3631; x_wconf 91' lang='lat'>‚</span> <span class='ocrx_word' id='word_1_613' title='bbox 2031 3590 2077 3625; x_wconf 90' lang='lat' dir='ltr'>ut</span> <span class='ocrx_word' id='word_1_614' title='bbox 2092 3610 2108 3632; x_wconf 92' lang='lat'>,</span> <span class='ocrx_word' id='word_1_615' title='bbox 2122 3577 2315 3636; x_wconf 82' lang='lat' dir='ltr'>quidquid</span> 
     </span>
     <span class='ocr_line' id='line_1_109' title="bbox 1345 3636 2313 3699; baseline -0.01 -11"><span class='ocrx_word' id='word_1_616' title='bbox 1345 3647 1395 3688; x_wconf 86' lang='lat' dir='ltr'>ad</span> <span class='ocrx_word' id='word_1_617' title='bbox 1413 3643 1572 3699; x_wconf 86' lang='lat' dir='ltr'>Regni,</span> <span class='ocrx_word' id='word_1_618' title='bbox 1586 3651 1655 3684; x_wconf 87' lang='lat' dir='ltr'>aut</span> <span class='ocrx_word' id='word_1_619' title='bbox 1677 3639 1830 3685; x_wconf 80' lang='lat' dir='ltr'>Domt&#39;is</span> <span class='ocrx_word' id='word_1_620' title='bbox 1856 3649 1934 3682; x_wconf 83' lang='lat' dir='ltr'>tuae</span> <span class='ocrx_word' id='word_1_621' title='bbox 1955 3640 2130 3682; x_wconf 86' lang='lat' dir='ltr'>rationes</span> <span class='ocrx_word' id='word_1_622' title='bbox 2149 3636 2313 3694; x_wconf 64' lang='lat' dir='ltr'>spec&#39;tet,</span> 
     </span>
     <span class='ocr_line' id='line_1_110' title="bbox 1343 3698 2315 3755; baseline -0.01 -8"><span class='ocrx_word' id='word_1_623' title='bbox 1343 3701 1573 3747; x_wconf 78' lang='lat' dir='ltr'>vehementi</span> <span class='ocrx_word' id='word_1_624' title='bbox 1600 3710 1771 3755; x_wconf 82' lang='lat' dir='ltr'>paternae</span> <span class='ocrx_word' id='word_1_625' title='bbox 1800 3698 2017 3741; x_wconf 84' lang='lat' dir='ltr'>voluntatis</span> <span class='ocrx_word' id='word_1_626' title='bbox 2044 3710 2181 3741; x_wconf 85' lang='lat' dir='ltr'>amore</span> <span class='ocrx_word' id='word_1_627' title='bbox 2198 3711 2315 3740; x_wconf 85' lang='lat' dir='ltr'>com·</span> 
     </span>
    </p>
   </div>
   <div class='ocr_carea' id='block_1_23' title="bbox 1341 3753 2311 3857">
    <p class='ocr_par' dir='ltr' id='par_1_23' title="bbox 1341 3753 2311 3857">
     <span class='ocr_line' id='line_1_111' title="bbox 1341 3753 2311 3818; baseline -0.009 -13"><span class='ocrx_word' id='word_1_628' title='bbox 1341 3762 1589 3818; x_wconf 70' lang='lat' dir='ltr'>plectamur.</span> <span class='ocrx_word' id='word_1_629' title='bbox 1605 3759 1686 3802; x_wconf 85' lang='lat' dir='ltr'>Sed</span> <span class='ocrx_word' id='word_1_630' title='bbox 1700 3757 1851 3815; x_wconf 82' lang='lat' dir='ltr'>majora</span> <span class='ocrx_word' id='word_1_631' title='bbox 1867 3758 1926 3800; x_wconf 86' lang='lat' dir='ltr'>Te</span> <span class='ocrx_word' id='word_1_632' title='bbox 1950 3765 2112 3801; x_wconf 85' lang='lat' dir='ltr'>manent</span> <span class='ocrx_word' id='word_1_633' title='bbox 2137 3753 2311 3811; x_wconf 85' lang='lat' dir='ltr'>supcrnae</span> 
     </span>
     <span class='ocr_line' id='line_1_112' title="bbox 2167 3829 2252 3857; baseline -0.012 0"><span class='ocrx_word' id='word_1_634' title='bbox 2167 3829 2252 3857; x_wconf 88' lang='lat' dir='ltr'>mu-</span> 
     </span>
    </p>
   </div>
  </div>
 </body>
</html>
