2496 4172
991 136 1424 254 Apostolica
1446 206 1465 225 .

232 286 404 344 injuncta
418 314 430 328 .
450 289 682 344 Eapropter
694 288 743 329 D.
759 284 937 330 Carolus
951 283 1094 328 Ruffus
1113 288 1208 329 Dux

234 350 432 402 Bagnarae,
447 345 692 390 humillimus
704 344 932 391 Sanctitatis
949 344 1093 387 vestrae
1104 347 1206 388 Ora-

232 413 298 448 t‘or
311 407 502 460 exponit,
519 407 624 463 quod
640 407 679 448 in
698 404 875 448 Ecclesia
893 405 1207 458 PRCapucino·

232 477 322 508 rum
339 464 406 507 sub
421 466 545 507 titulo
556 467 594 507 S.
611 463 809 508 Francisci
823 462 1009 505 Assifiatis
1024 463 1106 505 loci
1122 489 1137 513 ,
1166 464 1208 504 δι

232 523 364 566 Feudi
381 523 591 566 Flumariae
606 523 796 566 Dioecefis
817 521 1014 576 Rhegien.
1029 522 1068 563 in
1085 521 1205 564 Cala·

235 582 322 625 bria
340 611 354 634 ,
367 584 513 626 habeat
527 582 739 640 Capellam
767 579 995 624 Sanctiffimi
1010 578 1207 623 Crucifixi

232 641 285 684 ab
297 641 440 683 eodem
454 644 628 685 Oratore
640 655 720 685 non
737 637 862 683 solum
875 637 1013 693 insigni
1028 640 1206 695 particu-

233 699 275 742 la
290 702 435 743 Sanetae
455 700 603 744 Crucis
617 728 631 751 ‚
644 701 709 743 sed
725 699 848 742 etiam
863 698 979 739 variis
992 711 1206 741 ornamen-

233 759 286 801 tis
301 784 314 804 ‚
329 760 366 799 &
381 758 490 800 sacra
505 758 748 815 supellectile
775 767 986 800 ornatam:
1019 758 1109 801 hinc
1123 772 1205 801 non

230 815 360 859 solum
374 815 424 858 ad
437 817 689 860 excitandam
704 818 741 859 in
758 815 910 872 populo
920 816 1206 868 devotionem,

231 874 373 919 sertim
394 876 516 918 etiam
542 876 593 919 ad
619 877 694 918 Dei
717 875 890 932 gloriam
916 887 1008 915 cum
1034 890 1205 919 venera-

231 933 344 976 tione
365 932 478 978 dietae
500 937 626 978 Sacrae
645 934 852 991 particulae
879 934 1098 989 augendam
1115 933 1205 991 sup·

230 991 357 1048 plicat
371 1002 457 1037 tum
470 1008 546 1050 pro
559 995 689 1038 Altari
703 992 959 1050 privilegiato
968 994 1206 1047 quotidiano

228 1063 304 1152 3:1¹
306 1050 1033 1155 ‘22‘322‘222‘23321’53l?.{;².¹¹5}¹÷¹{¹::¹
1050 1054 1203 1155 32315233

228 1168 559 1213 hebdomadatim
585 1172 608 1213 ὁ
623 1170 703 1214 san.
717 1183 835 1212 mem.
850 1169 1065 1213 Benedicto
1079 1171 1202 1213 xm.

227 1228 506 1284 privilegiati,
521 1239 606 1272 tum
622 1243 697 1285 pro
710 1228 965 1283 Indulgentia
993 1227 1204 1283 plenaria-2

230 1286 271 1326 in
298 1301 381 1328 uno
404 1301 455 1330 ex
477 1286 581 1332 festis
612 1288 862 1331 Inventionis
881 1286 921 1327 δι
938 1287 1205 1332 Exaltationis

231 1345 272 1384 S·
290 1346 436 1387 Crucis
449 1372 464 1395 ‚
489 1348 530 1389 δι
543 1360 616 1402 pro
634 1346 886 1402 Indulgentia
912 1343 1060 1400 septem
1073 1359 1200 1389 anno-

233 1415 350 1451 rum,
368 1405 615 1460 totidemque
631 1405 978 1461 quadragenarum
1003 1405 1042 1446 in
1066 1406 1201 1447 altero

231 1458 356 1513 festo,
384 1472 469 1505 tum
497 1478 572 1519 pro
590 1463 840 1518 Indulgentia
868 1474 948 1518 pro
962 1459 1071 1506 feriis
1086 1464 1204 1506 sextis

231 1520 591 1578 Qadragefimae··
619 1521 827 1577 Supplicat
852 1529 1044 1575 praterea
1069 1523 1110 1563 δι
1134 1522 1203 1563 de·

2016 190 2180 274 399

1384 286 1648 333 Sanetiffimus
1676 291 1869 336 Dominus
1893 300 2037 344 Noster
2067 306 2239 349 Benedi-

1265 352 1351 392 ἂυς
1369 351 1471 403 Papa
1489 350 1606 390 XIV.
1622 351 1762 390 audito
1777 363 1876 392 voto
1900 358 2236 412 Congregationis

1269 407 1537 462 Indulgentiis
1551 436 1567 456 ,
1582 409 1788 463 Sacristlue
1807 410 2005 463 Reliquiis
2030 420 2241 471 praepofitae

1266 468 1347 508 diei
1377 467 1561 521 21.Junii
1589 481 1602 508 ι
1615 467 1711 518 746.
1738 468 1888 524 Qoad
1910 468 2052 511 Altare
2077 476 2245 524 privile-

1269 526 1418 582 giatum
1434 524 1657 580 respondit,
1678 534 1853 581 gaudere
1869 526 2090 582 impetratis
2102 554 2116 576 ,
2131 534 2171 572 ὃς
2185 543 2244 574 at·

1268 586 1389 628 tenn's
1403 584 1585 638 allegatis
1601 585 1879 627 circumstatiis
1894 611 1908 633 ,
1921 587 2107 626 omnibus
2122 589 2161 628 δι
2174 589 2247 637 fin-

1269 644 1373 702 gulis
1391 642 1597 700 utriusque
1615 642 1724 686 sexus
1743 643 2081 687 christifidelibus
2095 644 2248 687 confes-‘-

1267 704 1314 746 lis
1327 730 1339 751 ‚
1360 704 1398 744 &
1415 706 1537 745 Sacra
1551 704 1851 746 Communione
1869 702 2045 754 refectis,
2061 705 2130 759 qui
2149 717 2247 758 prae-

1265 763 1412 805 dietam
1431 760 1648 804 Ecclefiam
1664 763 1703 804 in
1720 776 1797 804 una
1827 762 2038 806 festivitate
2053 762 2244 807 83οᾶίῶ-

1266 834 1335 864 mae
1348 821 1495 864 Crucis
1507 846 1520 868 ‚
1536 821 1629 862 &in
1645 834 1720 862 una
1740 820 1842 862 feria
1874 819 1980 864 sexta
2007 822 2246 881 Qadrage·

1266 880 1367 922 fimae
1384 893 1452 934 per
1475 879 1734 923 Ordinarium
1755 879 2004 935 designandis
2017 881 2169 924 devote
2183 881 2247 922 vi-

1267 938 1471 981 sitaverint
1490 964 1502 984 ,
1528 938 1665 994 ibique
1685 938 1795 994 juxta
1822 950 1997 981 mentem
2014 940 2245 983 sanctitatis

1265 998 1351 1040 Suae
1367 996 1431 1051 pic
1443 998 1674 1048 oraverint,
1691 998 1730 1039 in
1751 1007 1925 1054 utroque
1938 997 2002 1041 die
2027 998 2246 1053 plenariam

1267 1055 1588 1110 Indulgendum
1607 1056 1644 1098 in
1657 1056 1784 1100 altera
1801 1058 1900 1099 vero
1916 1055 2127 1101 festivitate
2143 1055 2247 1114 ejus—

1265 1115 1355 1158 dem
1373 1113 1622 1156 sanetiffimae
1637 1116 1781 1158 Crucis
1795 1145 1811 1166 ,
1824 1129 1869 1158 ac
1898 1116 1937 1157 in
1955 1114 2118 1170 reliquis
2133 1114 2244 1158 feriis

1263 1173 1382 1215 sextis
1410 1171 1728 1231 Qadragefimae
1757 1174 1798 1216 id
1814 1174 2001 1229 egerint,
2025 1174 2248 1230 Indulgen-

1265 1232 1361 1274 tiam
1376 1228 1527 1285 septem
1545 1244 1742 1274 annorum
1755 1258 1768 1279 ‚
1800 1232 2055 1288 totidemque
2070 1234 2246 1289 quadra-

1264 1302 1455 1344 genarum
1483 1301 1556 1342 pro
1568 1291 1729 1344 lingulis
1760 1290 1933 1343 praesatis
1965 1291 2108 1333 diebus
2124 1292 2240 1332 beni-

1261 1348 1341 1404 gne
1366 1345 1581 1396 concessit,
1610 1362 1686 1390 non
1721 1348 1965 1390 obstantibus
1984 1348 2244 1402 quibuscum-

1260 1406 1393 1462 quein
1406 1407 1656 1449 contrarium
1688 1405 1925 1448 facientibus
1941 1432 1952 1442 ·
1987 1405 2171 1447 Prael'enti
2201 1405 2243 1446 in

1266 1474 1459 1520 perpetuo
1477 1464 1654 1506 valituro
1668 1493 1680 1504 .
1701 1464 1925 1518 voluitque
1949 1463 2144 1505 Sanctitas
2160 1468 2243 1508 Sua

1263 1525 1365 1565 hanc
1378 1523 1548 1575 gratiam
1561 1522 1707 1576 absque
1719 1521 1802 1564 ulla
1819 1523 1956 1565 Brevis
1983 1522 2245 1577 expeditione

1261 1578 1472 1632 suffragari
1490 1606 1502 1618 .

1378 1639 1530 1679 Datum
1547 1637 1684 1678 Romae
1696 1636 1763 1679 die
1775 1638 1960 1692 xxv-Julii
1976 1651 2213 1682 moccxtvr
2224 1665 2237 1676 ·

232 1578 426 1621 miliffime
442 1580 649 1624 Sanctitati
666 1580 811 1622 Vestrae
821 1606 835 1629 ‚
859 1588 902 1619 ut
916 1579 1046 1632 gratia
1061 1580 1102 1620 in
1114 1593 1202 1622 om-

229 1637 345 1678 nibus
359 1638 430 1691 ipfi
451 1638 700 1680 concedatur
714 1638 753 1678 in
768 1645 1039 1691 perpetuum,
1061 1638 1102 1678 ἃ.
1130 1647 1201 1690 per

230 1694 396 1750 simplex
412 1694 668 1750 Rescriptum
680 1723 696 1745 ,
711 1693 766 1736 ita
787 1701 831 1736 ut
849 1693 1015 1748 perinde
1032 1695 1165 1738 valeat
1183 1722 1199 1743 ,

227 1768 274 1797 ac
302 1754 326 1798 fi
354 1753 478 1797 fuisset
503 1752 682 1796 concessa
716 1766 789 1807 per
818 1753 949 1796 Breve
972 1752 1204 1798 sanctitatis

230 1812 384 1858 Vestrae
395 1812 676 1869 Apostolicum
694 1811 776 1867 dte.

1324 1758 1468 1810 Autog.
1484 1752 1527 1795 in
1543 1753 1664 1797 Arch.
1684 1754 1902 1797 Conventus
1915 1780 1928 1795 .

965 1941 1494 2008 NOTA

334 2109 470 2151 Reter
491 2104 726 2161 particulam
741 2106 783 2147 S.
797 2103 941 2148 Crucis
955 2105 1209 2148 enuntiatam
1221 2132 1236 2155 ‚
1262 2106 1304 2147 ἃ.
1320 2103 1674 2148 Excellentiffimae
1704 2104 1882 2151 Domine
1894 2103 2073 2158 Duciffae,
2085 2104 2246 2162 Joannae

357 2169 489 2210 Lanza
502 2167 542 2207 δι
559 2163 682 2208 Ruffae
698 2165 750 2208 de
775 2162 1001 2215 balneat-io,
1015 2165 1067 2206 ab
1083 2163 1404 2206 Eminentiffimo
1417 2164 1594 2207 Domino
1606 2163 1830 2206 Cardinaie
1850 2164 2036 2206 Paulutio
2049 2165 2161 2207 dono
2171 2164 2247 2205 da-

234 2238 316 2270 tam
334 2225 586 2280 reperiuntur
611 2224 695 2266 aliae
724 2223 920 2278 Reliquit
936 2222 1103 2278 insignes
1116 2250 1133 2276 ,
1156 2222 1370 2280 dequibus
1396 2221 1540 2265 diebus
1557 2221 1661 2265 infra
1677 2223 1827 2266 notatis
1841 2223 2031 2266 Officium
2061 2223 2248 2267 celebra-

232 2294 299 2328 tur
313 2285 349 2325 δι
366 2283 450 2323 aliae
461 2295 546 2324 non
564 2281 733 2335 infignes
749 2296 763 2324 ε
786 2283 928 2326 Primae
945 2279 1035 2325 sunt

343 2398 383 2439 S.
398 2394 646 2440 Clementini
662 2398 784 2439 Mart.
806 2411 868 2452 ¹4·
881 2397 1149 2441 Novembris.

344 2457 385 2497 S.
400 2453 624 2498 Clementia
649 2455 772 2497 Mart.
787 2468 811 2497 2
822 2469 855 2497 ι.
872 2457 1118 2499 Novembris
1132 2486 1145 2499 .

346 2516 389 2556 S.
402 2510 644 2555 Constantia:
652 2513 779 2554 Mart.
794 2526 858 2568 19.
876 2514 1124 2568 Septembris
1137 2542 1150 2556 .

1380 2400 1423 2440 S.
1441 2399 1616 2455 Eugenii
1634 2399 1759 2442 Mart.
1773 2413 1843 2457 29.
1856 2400 1969 2452 Julii.

1380 2461 1422 2502 S.
1438 2459 1617 2502 Victoris
1628 2459 1750 2504 Mart.
1770 2460 1839 2503 16.
1852 2460 2090 2505 Decembris
2103 2490 2117 2503 .

234 2636 348 2691 Quas
365 2626 501 2671 eidem
525 2626 709 2670 Ecclelioe
725 2627 1084 2674 Excellentiffimus
1101 2632 1299 2676 Dominus
1318 2632 1557 2677 Dominicus
1576 2632 1716 2676 Rufius
1731 2635 1754 2678 a
1769 2634 1980 2680 Balneario
1994 2663 2009 2688 ,
2023 2638 2246 2680 Commen-

577 2685 698 2729 dator
711 2687 873 2732 Balivus
887 2689 1125 2735 Melicoccoe
1135 2691 1246 2736 douo
1258 2692 1373 2738 dedit
1387 2707 1404 2747 ς
1427 2692 1513 2736 aliae
1526 2706 1610 2736 nou
1629 2691 1799 2748 infignes
1813 2690 1902 2737 sunt

350 2803 395 2846 S.
406 2803 626 2847 Benedicta
638 2803 765 2850 Mart.
1380 2815 1422 2856 S.
1438 2810 1582 2854 Felicis
1598 2813 1724 2855 Mart.

350 2865 396 2906 s.
410 2860 607 2905 Bonifatii
623 2862 750 2907 Mart.
1382 2874 1423 2915 S.
1441 2868 1662 2912 llluminati
1686 2870 1809 2912 Mart.

351 2924 395 2966 S.
411 2919 606 2965 Candide
620 2923 746 2965 Mart.
1385 2931 1448 2972 Ex
1466 2927 1597 2970 Pallio
1610 2930 1740 2972 saneti
1760 2925 1923 2985 Jostphi
1938 2956 1951 2970 .

350 2979 392 3020 S.
409 2979 638 3023 Coeiestinae
655 2983 778 3025 Mart.
1385 2990 1426 3030 S.
1436 2987 1611 3041 Jucundi
1633 2991 1756 3029 Mart.

348 3039 391 3081 S.
407 3037 585 3082 Deodati
599 3041 724 3083 Mart.
1385 3048 1426 3087 S.
1440 3044 1670 3087 Modestinae
1687 3050 1814 3089 Mart.

350 3096 392 3137 S.
409 3097 559 3140 Donati
573 3099 698 3140 Mart.
1384 3105 1423 3144 S.
1442 3101 1604 3147 Pacifici
1621 3106 1748 3147 Mart.

237 3215 396 3276 Qibus
409 3211 628 3259 Ecclefiam
640 3222 866 3260 memorata
893 3215 1233 3261 Excellentiffima
1251 3221 1405 3263 Domus
1420 3219 1542 3264 Ruffa
1554 3224 1580 3268 a
1592 3221 1808 3267 Balnearia
1819 3219 1984 3275 ditavit,
1998 3221 2038 3263 δι
2049 3220 2217 3263 ornavit
2229 3247 2244 3262 .

1972 3791 2189 3838 DECRE-
