2496 4172
297 183 487 270 434

238 306 460 350 Animabus
487 301 691 349 Fidelium
715 302 1014 347 Munaorhm
1041 317 1113 360 per
1139 317 1226 346 mo-

240 366 340 410 dum
355 364 530 422 suffragii
544 364 737 421 applicari
749 390 761 402 ·

355 429 476 468 Sacra
487 425 769 480 Congregatio
784 422 1055 478 Indul'gentiis
1066 449 1082 473 ,
1090 418 1226 462 sacris:

240 500 320 542 que
348 484 548 540 Reliquiis
574 482 782 538 praepofita
813 483 880 523 die
906 481 949 522 6.
977 480 1224 536 septembris

243 560 259 587 ι
269 558 369 601 749.
379 541 583 600 prefatum
596 541 946 596 indulgentiarum
956 539 1219 582 Summarium

238 603 452 660 approbari
465 631 482 654 ,
495 599 691 656 publicati
703 626 716 646 ,
730 599 915 653 typisque
930 598 1113 639 mandari
1129 595 1219 651 pos-

237 662 278 707 se
294 660 468 706 censuit.
501 661 564 701 De
575 658 718 712 quibus
732 655 833 698 faeta
856 668 927 709 per
942 668 1008 697 me
1022 653 1222 696 infrascri-

238 733 356 778 ptum
372 717 551 766 ciusdem
572 720 700 759 Sacra
714 714 1064 767 Congregationis
1075 711 1221 752 Secre-

238 780 388 822 tarium
416 774 484 817 die
504 787 568 828 ¹3·
594 772 771 828 praediffi
802 771 949 813 Mensis
975 768 1223 812 Sauaiffimo

238 834 421 880 Domino
447 831 604 874 Nostro
627 829 861 879 relatione,
890 829 1089 871 Sanctitas
1113 827 1227 870 Sua.»

240 903 382 935 votum
415 890 543 930 Sacrae
573 885 916 939 Congregationis
946 885 1124 938 henigne
1154 899 1225 939 ap·

237 946 422 1007 probavit
433 974 451 995 ,
472 946 514 986 &
528 943 755 999 predictam
782 955 855 995 pro
871 942 1078 985 Defuneus
1092 941 1226 996 appli-

235 1007 433 1051 ationem
458 1000 648 1045 conceffit
678 1015 736 1043 =
763 1001 965 1044 Henricus
993 998 1225 1043 Cardinalis

236 1071 321 1111 Pro
344 1060 558 1107 Praefeaus
582 1075 641 1104 =
658 1063 773 1105 Loco
788 1057 991 1115 ›FSigilli
1015 1074 1073 1101 =
1095 1060 1148 1101 A.
1163 1058 1226 1098 M.

239 1126 343 1168 Erba
387 1122 699 1165 Protonotarius
730 1119 991 1174 Apostolicus
1032 1123 1225 1163 Secreta-

235 1195 318 1226 1108
329 1195 387 1224 =
402 1209 415 1223 n

293 1303 361 1344 Ita
384 1298 587 1354 reperitur
613 1296 824 1354 int-egestis
841 1299 1098 1341 Decreurunr
1121 1285 1225 1351 ejufi-

356 1358 442 1399 dens
455 1360 500 1399 S.
506 1361 823 1416 congregationis
834 1385 848 1398 .

235 1591 543 1663 Indulgentiae
575 1610 661 1662 pro
692 1591 738 1644 se
757 1595 957 1644 invicem
986 1591 1219 1643 salutanti·

304 1663 413 1723 bus,
438 1663 663 1724 dicendo,
694 1665 889 1714 laudetur
919 1664 1055 1732 Jefics
1087 1663 1221 1713 Chri-

239 1745 244 1750 '
302 1735 424 1794 Hm,
453 1732 503 1785 ἃ
541 1732 918 1802 respondentibus
947 1738 1081 1783 Amen
1108 1765 1126 1788 ‚
1169 1731 1220 1784 ὅ(

300 1823 387 1874 pro
417 1804 734 1854 invocantibus
752 1808 838 1853 SS.
854 1803 1190 1870 NomenJesus
1201 1837 1219 1860 ‚

302 1875 353 1927 ἀ
385 1879 613 1931 Mamas,
636 1888 717 1923 aut
748 1875 951 1924 Litanias
981 1878 1036 1925 B.
1054 1874 1219 1923 Μαι-ἦε

304 1946 513 2015 Virginis
541 1943 866 1995 recitantibus.

371 2061 464 2109 tiss
490 2062 570 2106 san.
598 2064 864 2107 mem-sixtus
893 2065 946 2108 V.
962 2062 1107 2116 nulla,
1134 2075 1221 2120 quae

385 2122 525 2178 incipit
537 2149 552 2171 ‚
566 2122 793 2176 Redduuri,
808 2124 920 2167 edita
934 2124 1003 2167 die
1035 2138 1049 2166 1
1064 2137 1098 2166 ι.
1120 2123 1219 2180 Julii

229 2184 323 2223 anni
357 2184 481 2232 ¹587·
514 2182 720 2226 Universis
741 2181 1085 2226 Christifidelibus
1102 2210 1118 2232 ,
1147 2181 1215 2235 qui

225 2237 265 2282 se
281 2240 453 2283 invicem
467 2237 684 2284 salutantes
701 2241 882 2285 dixerint
899 2241 968 2300 ſsa
993 2240 1122 2284 ledaea
1138 2243 1216 2283 Ge·

227 2296 275 2340 sd
299 2299 426 2357 Crista
450 2329 467 2353 ,
493 2300 536 2343 δι
564 2297 901 2355 respondentibus
931 2304 1056 2345 Amen
1084 2328 1102 2351 ,
1144 2308 1216 2342 aut

226 2357 268 2400 in
294 2356 433 2401 secula
461 2385 478 2409 ,
503 2359 584 2400 five
607 2358 754 2400 italico
777 2383 792 2408 ,
822 2356 903 2402 five
930 2358 1080 2402 Latino
1106 2383 1125 2409 ,
1149 2356 1214 2401 rel

225 2428 488 2473 quocumque
513 2414 597 2459 alio
623 2416 820 2460 idiomate
850 2417 891 2459 id
919 2412 1183 2473 expresserint
1199 2443 1215 2468 ,

226 2475 387 2532 quoties
400 2475 441 2517 id
455 2474 617 2530 egerint
632 2475 937 2529 indulgentiam
949 2483 1113 2517 centum
1127 2473 1214 2517 die·

227 2546 318 2577 rum
335 2534 400 2584 ,&
414 2532 494 2575 illis
513 2557 529 2580 ‚
556 2532 626 2585 qui
641 2530 929 2575 Sane‘tifflmum
947 2534 1107 2575 Nomen
1128 2534 1213 2588 11².-

224 2593 341 2643 508,
355 2602 424 2634 sut
437 2594 479 2634 M
486 2591 640 2635 ARIAE
661 2589 813 2634 devoti:
826 2591 1125 2644 invocaverint,
1144 2591 1213 2633 ln·

228 2651 482 2708 dulgentiam
497 2650 639 2705 viginti
649 2651 826 2707 quinque
834 2652 993 2695 dierum
1003 2650 1211 2694 conceffit.

342 2711 398 2753 lis
426 2711 547 2758 vero,
572 2710 639 2766 qui
667 2709 825 2763 praefata
850 2724 970 2768 agere
994 2715 1213 2753 consueve-

229 2769 309 2811 rint
328 2797 343 2819 ,
359 2769 384 2812 fi
404 2770 442 2811 in
457 2769 634 2812 articulo
648 2771 791 2813 mortis
805 2769 1045 2822 condituri,
1058 2770 1099 2810 δι
1111 2782 1185 2811 ore
1197 2797 1214 2820 ,

226 2828 310 2875 vel,
325 2828 350 2869 fi
377 2842 455 2870 non
474 2830 677 2882 potuerint
696 2857 711 2881 ‚
738 2828 874 2872 filtem
889 2828 1032 2878 corde,
1046 2827 1212 2871 Sanctis-

230 2886 368 2929 fimum
384 2887 710 2944 NomenJESUS
728 2914 744 2938 ‚
773 2888 814 2932 δι
828 2888 1029 2932 Mamm
1043 2887 1209 2929 invoca·

229 2945 367 3045 ezr-int·
388 2971 404 2994 ‚
432 2942 592 3002 insuper
618 2947 846 2991 Plenariam
875 2945 1211 3004 Indulgentiam..

235 3016 257 3046 1
305 3011 417 3045 ecit.

290 3017 303 3060 ι
347 3059 511 3105 Easdem
538 3061 822 3121 Indulgentias
845 3062 987 3108 tribuit
1014 3061 1212 3108 Prndica·

233 3121 419 3170 toribus,
442 3121 509 3177 qui
530 3122 635 3166 inter
665 3124 967 3179 predicandum
984 3124 1209 3167 Auditores

224 3179 374 3225 hortati
388 3180 537 3223 suerint
549 3209 563 3233 ,
586 3191 629 3222 ut
645 3183 769 3225 modo
785 3184 896 3241 supra
911 3184 1092 3239 expolito
1106 3184 1207 3226 San-

223 3238 433 3283 &immam
448 3240 606 3283 Nomen
619 3240 778 3294 jesus
803 3242 1010 3286 laudantes
1035 3241 1073 3285 se
1091 3239 1127 3283 se
1140 3241 1201 3283 in-

230 3299 359 3343 vicem
376 3297 575 3348 salutem,
601 3299 642 3342 δι
656 3299 761 3344 idem
778 3304 938 3344 Nomen
962 3301 1124 3356 JsssUS
1138 3300 1204 3352 ,δι

224 3359 422 3402 MARIAE
442 3356 595 3402 devote
625 3358 840 3410 invocent,
862 3360 1092 3417 ceterisque
1111 3373 1201 3402 om·

226 3419 341 3460 nibus
369 3447 386 3469 ,
422 3418 492 3474 qui
521 3418 623 3462 lianc
651 3417 896 3463 salutationis
920 3416 1090 3464 sormam
1117 3418 1200 3461 usui

225 3477 300 3518 cslc
319 3478 581 3520 curaverint.

343 3538 621 3580 Recitaniibus
652 3535 814 3581 tandem
835 3537 1009 3581 Litanias
1027 3537 1199 3581 uenim-

226 3605 295 3631 ma
311 3594 482 3693 vw'd'
499 3595 694 3645 MARIAE
708 3597 767 3641 bis
779 3609 943 3642 centum
959 3598 1043 3642 dies
1062 3595 1202 3639 Indul-

227 3661 369 3702 sscntm
381 3654 432 3694 dc
464 3665 520 3694 it.

1012 152 1539 244 Monumenta

1287 303 1437 356 suerit,
1464 314 1510 347 ut
1535 315 1702 355 omnes,
1726 301 1767 342 δι
1791 297 1959 355 nugulas
1988 297 2269 356 Indulgentias

1285 367 1651 422 supramemoratas
1701 358 1944 402 confirmare
1984 358 2225 411 dignaretur
2255 386 2272 411 ,

1284 427 1480 468 Sanffltas
1495 426 1572 466 sua
1591 450 1605 472 ,
1632 420 1772 462 audito
1802 430 1898 460 voto
1916 426 2009 460 bac.
2026 417 2266 473 Congrega-

1282 485 1405 526 tionis
1422 479 1692 537 Indulgentiis
1705 506 1719 526 ‚
1733 478 1934 533 Sacrisque
1952 474 2150 531 Reliquiis
2165 488 2270 530 prae-

1279 542 1430 599 politae,
1447 539 1673 597 hujulmodi
1689 538 1872 594 precibus
1887 534 2059 590 benigne
2071 547 2267 584 annuens,

1279 600 1439 644 easdem
1468 600 1745 656 indulgentias
1763 596 1995 645 Anostolica
2022 593 2265 635 auetoritate

1281 658 1540 703 confirmavit
1555 687 1569 702 .
1600 662 1753 702 Datum
1767 658 1834 698 die
1858 670 1921 701 ιι.
1934 652 2114 710 januarii
2135 653 2260 703 1728.

1564 777 1621 824 L.
1633 775 1777 828 Card.
1796 775 1929 825 Picus
1945 768 2188 825 Praefcftus
2204 806 2220 822 .

1344 893 1406 933 Ex
1424 889 1696 947 ¹1:7pograpln'a
1709 893 1907 934 camerali
1922 896 2125 935 Romana.

1281 1139 1354 1186 De
1372 1137 1462 1184 ritu
1482 1170 1498 1193 ,
1525 1132 1574 1186 δι
1593 1131 1677 1185 usu
1696 1136 1950 1185 Cerearum
1966 1141 2263 1198 Formarum,

1351 1224 1450 1275 quae
1460 1205 1666 1256 benedici
1683 1240 1700 1264 ,
1727 1203 1777 1257 ἃ
1794 1203 2047 1258 consecrari
2064 1205 2213 1258 solent
2232 1209 2262 1257 ὲ

1353 1282 1569 1329 Romano
1583 1273 1805 1329 Pontifiee
1817 1311 1832 1327 .

1383 1418 1610 1461 Ervetussus
1627 1417 1667 1460 in
1685 1414 1861 1460 Ecclesia
1878 1417 2063 1462 Romana
2076 1416 2176 1462 ritus
2203 1416 2262 1461 efl:

1401 1479 1498 1528 ille,
1523 1491 1605 1534 quo
1618 1475 1773 1521 Summi
1790 1476 2006 1522 Pontifices
2034 1475 2265 1521 benedice-

1280 1551 1323 1579 re
1334 1565 1349 1587 ,
1363 1539 1404 1580 δι
1417 1537 1654 1581 consecrare
1665 1534 1794 1580 solent
1804 1537 1962 1581 Cereas
1979 1538 2161 1588 Formas,
2180 1548 2271 1591 quae

1280 1598 1417 1652 Agnus
1433 1600 1511 1639 Dei
1527 1596 1654 1651 vulgo
1665 1595 1896 1653 apellantur
1907 1627 1920 1640 .
1934 1600 1980 1641 ln
1996 1594 2161 1640 Ordine
2177 1595 2272 1638 Ro-

1282 1669 1403 1699 mano
1418 1684 1433 1708 ,
1447 1655 1516 1711 qui
1535 1656 1803 1699 Eruditorum
1814 1653 1969 1710 judicio
1982 1654 2192 1711 antiquior
2209 1653 2271 1698 est

1278 1714 1428 1759 Seculo
1442 1716 1588 1758 octavo
1602 1742 1618 1767 ,
1634 1712 1815 1757 innuitur
1832 1711 2016 1768 prefatus
2030 1713 2150 1757 Ritus
2166 1724 2184 1765 ;
2215 1714 2268 1757 ln

1282 1771 1575 1816 Caeremoniali
1600 1772 1697 1816 vero
1712 1771 1886 1828 ejusdem
1910 1774 2109 1817 Romane
2122 1770 2273 1816 Eccle-

1280 1830 1339 1873 fiae
1356 1831 1616 1886 designantur
1633 1830 1828 1881 materia,
1841 1829 1975 1872 forma
1988 1855 2001 1877 ,
2019 1832 2061 1872 dt
2072 1842 2210 1886 preces
2226 1828 2269 1872 in

1278 1887 1508 1944 hujusmodi
1537 1888 1847 1932 consecratione
1871 1888 2113 1931 adhibenda
2135 1917 2152 1941 ,
2176 1900 2266 1944 qun

1277 1949 1407 1992 sacras
1433 1948 1648 1992 continent
1670 1975 1688 1999 ,
1717 1943 1981 2004 mysticasque
2005 1944 2267 2003 fignificatio-

1280 2020 1380 2051 nes.

1396 2062 1688 2109 Confieiuntur
1712 2063 1754 2107 hi
1769 2067 1905 2122 Agnus
1919 2063 1999 2108 Des·
2018 2077 2068 2109 ex
2077 2064 2188 2108 Cera
2203 2064 2267 2108 ai-

1279 2125 1329 2170 ba
1344 2152 1360 2176 ‚
1386 2136 1486 2180 pura
1505 2150 1520 2175 ,
1547 2124 1732 2181 virginea
1745 2151 1761 2177 ‚
1791 2138 1877 2182 quo
1892 2125 2081 2168 Humana
2093 2124 2271 2169 denota-

1275 2194 1344 2228 tur
1359 2192 1505 2226 natura
1519 2181 1542 2225 i
1557 2182 1725 2228 Christo
1745 2182 1898 2228 virtute
1915 2182 2065 2226 Divina
2078 2211 2098 2235 ,
2122 2184 2260 2229 fine-a

1275 2242 1361 2287 ulla
1375 2242 1577 2286 mixtione
1589 2273 1607 2296 ,
1638 2251 1711 2286 aut
1726 2242 1978 2300 contagione
1991 2242 2123 2300 eulpa
2135 2242 2176 2285 in
2189 2254 2267 2298 pu-

1275 2301 1427 2346 rissimo
1439 2302 1576 2345 Mariae
1593 2301 1772 2359 Virginis
1785 2310 1906 2346 utero
1922 2298 2117 2356 assumpta
2129 2327 2141 2345 0
2153 2300 2263 2356 Auni

1273 2362 1411 2462 {¹:1²5ss
1418 2356 2086 2473 &¹32123¹³“32'1‘1‘ssff12'812ffl'
2088 2357 2247 2472 ’,ἔῗέἲέ
2251 2384 2267 2400 ’

1657 2442 1673 2466 ,
2244 2436 2264 2449 .

1273 2478 1387 2520 tione
1415 2475 1456 2519 in
1477 2477 1560 2516 Ara
1586 2475 1735 2517 Crucis
1757 2473 1990 2516 immolatus
2014 2474 2072 2516 est
2091 2501 2105 2516 .
2134 2473 2266 2519 Adhi-

1275 2535 1394 2577 betur
1421 2535 1542 2588 Aqua
1569 2529 1775 2575 benedida
1803 2558 1819 2583 ‚
1841 2542 1926 2589 quo
1949 2530 2143 2577 nimirum
2171 2532 2260 2575 ele-

1273 2602 1410 2637 mento
1426 2604 1519 2634 cum
1546 2590 1587 2634 in
1605 2589 1761 2645 veteri,
1789 2600 1874 2634 tum
1898 2590 1940 2634 in
1955 2604 2066 2634 novo
2081 2590 2260 2637 Foedere

1273 2652 1464 2710 preclara
1493 2652 1752 2694 Sacramenta
1768 2677 1785 2701 ,
1815 2650 1857 2693 dt
1883 2649 2069 2706 prodigia
2105 2651 2127 2693 i
2168 2653 2263 2694 Deo

1272 2711 1414 2756 effecta
1430 2708 1517 2753 sunt
1534 2738 1546 2752 .
1581 2709 1774 2754 Miscetur
1788 2708 1827 2751 in
1843 2722 1890 2751 ea
1906 2707 2122 2752 bammum
2137 2738 2154 2764 ‚
2176 2722 2262 2764 quo

1273 2775 1402 2817 bonus
1432 2767 1583 2812 Christi
1611 2769 1716 2810 odor
1743 2765 2010 2824 significetur,
2035 2782 2154 2824 quem
2185 2770 2259 2814 in,

1273 2829 1383 2874 omni
1395 2829 1501 2877 actu,
1513 2827 1555 2871 δι
1565 2825 1878 2870 conversatione
1893 2825 2080 2870 redolere
2098 2826 2256 2872 debent

1269 2886 1424 2934 Christi
1449 2884 1592 2931 fideles
1609 2916 1622 2927 .
1653 2884 2010 2943 superinfunditur
2041 2880 2255 2939 chrisma,

1272 2964 1356 3005 quo
1370 2959 1438 2991 res
1452 2944 1536 2988 alioe
1555 2946 1709 2989 Divino
1735 2946 1864 2989 cultui
1893 2942 2124 3001 specialiter
2139 2943 2258 2991 eddi-

1270 3012 1339 3052 cta
1366 3035 1381 3059 ‚
1411 3004 1539 3049 veluti
1568 3003 1762 3060 Templa,
1802 3003 1963 3048 Altaria
1979 3032 1994 3057 ‚
2008 3004 2255 3049 Sacerdotes

1272 3064 1480 3124 praeparari
1498 3062 1629 3108 solent
1643 3091 1657 3115 ‚
1675 3076 1721 3105 ac
1737 3061 1964 3107 consecrari
1981 3091 1997 3114 ,
2012 3073 2135 3120 atque
2151 3063 2188 3106 in
2204 3075 2257 3108 eo

1268 3120 1575 3181 prestantiffima
1616 3121 1815 3166 virtutum
1845 3122 2028 3167 omnium
2056 3123 2249 3168 Charitas

1267 3182 1292 3227 fi
1325 3194 1467 3229 uratur
1480 3210 1492 3223 .

1296 3198 1322 3242 ι
1380 3243 1427 3287 ln
1443 3244 1556 3297 Aqua
1570 3239 1692 3298 igitur
1708 3240 1816 3298 prius
1832 3239 2039 3286 benediciis
2062 3268 2077 3294 ‚
2090 3254 2139 3285 ac
2153 3238 2244 3285 bsi-

1265 3301 1399 3356 samo,
1421 3302 1462 3345 dt
1485 3298 1712 3344 Chrismste
1728 3301 1849 3343 mixta
1864 3300 1986 3345 Cerei
2021 3299 2083 3343 illi
2109 3302 2244 3356 Agnm

1266 3363 1346 3405 Del
1366 3361 1659 3416 immerguntur
1674 3385 1689 3409 ‚
1702 3361 1742 3403 δι
1755 3360 1938 3403 Summus
1956 3356 2138 3404 Pontifex
2151 3366 2241 3400 tam

1262 3430 1357 3463 ante
1370 3449 1385 3473 ‚
1409 3421 1530 3476 quim
1544 3418 1628 3475 post
1644 3417 1883 3464 mersionem
1896 3414 2129 3463 sinarcumi:
2152 3428 2239 3471 pre-

1261 3479 1376 3523 cibus
1396 3482 1525 3523 Deum
1538 3487 1706 3530 exorat,
1730 3486 1775 3521 ut
1803 3490 1868 3522 eas
1883 3477 2047 3521 Formas
2070 3473 2239 3518 benedi·

1261 3553 1382 3591 cere,
1406 3535 1676 3588 sanctificare,
1700 3538 1741 3579 dt
1764 3533 1998 3580 consecrare
2024 3532 2238 3589 dignetur,

1264 3594 1384 3655 iisque
1406 3608 1555 3643 tantam
1586 3595 1790 3653 impertiat
1815 3592 2007 3636 virtutem
2023 3621 2038 3644 ,
2070 3604 2112 3636 ut
2145 3592 2237 3648 qui-

1261 3670 1353 3699 cum
1384 3671 1434 3702 ue
1448 3658 1553 3700 resta
1572 3653 1679 3706 fide,
1698 3666 1744 3695 ac
1778 3663 1872 3695 vera
1899 3652 2048 3708 pietate
2063 3650 2241 3695 iisdem-2

340 3711 445 3751 Cum
465 3722 594 3754 sutem
611 3715 854 3758 Sanssillimo
883 3719 920 3758 D
947 3718 999 3760 Ν.
1029 3715 1199 3759 BENE·
1258 3714 1349 3759 usus
1381 3715 1515 3767 uerit,
1540 3714 1621 3756 bec
1644 3712 1779 3764 dona,
1803 3724 1849 3754 ac
1882 3709 2069 3756 beneficia
2095 3707 2236 3754 conse·

228 3763 405 3810 mero
422 3772 533 3824 l’spoe
549 3772 666 3815 ΧΙΙΙ.
684 3775 905 3818 humillime
934 3774 1198 3833 supplicatum
1257 3785 1407 3832 quatur
1422 3800 1436 3815 .

2064 3830 2097 3873 1.
2129 3828 2181 3871 Ut
