2496 4172
1063 96 1515 216 Apoffolica
1531 147 1555 190 .·

290 246 618 301 Controversia
636 245 879 300 vicarium
908 243 1268 314 Apostolicum..

358 320 584 373 inter—6(
601 320 860 390 Capucinos
880 315 1192 368 Missionarios
1211 318 1269 368 de

359 391 672 444 benediffiOne
686 408 771 461 pro
789 387 1087 439 concionibus
1102 424 1117 446 ,
1145 408 1197 438 ac
1216 392 1267 439 li·

356 464 505 514 centia
543 480 629 532 pro
669 457 946 530 expolitione
983 458 1269 510 Sanfiissimi

357 535 643 587 sacramenti
668 529 858 602 petenda
876 563 893 588 ,
928 526 978 580 ὅ(
1009 529 1065 580 de
1085 529 1271 581 Pontifi-

355 605 528 656 calibus
548 607 592 654 in
609 598 820 654 Ecclefiis
851 601 1161 669 Regularium
1190 619 1269 652 ex-

360 676 563 727 ercendis
584 688 685 726 orta
698 671 956 724 dirimitur.

287 809 499 850 Decretum
515 807 599 854 sac.
615 799 930 860 Congregationh
952 800 998 842 de
1014 801 1270 858 Propaganda

415 864 513 908 Pede
524 860 663 918 babltf'
685 862 746 905 die
767 874 830 914 ¹7·
847 859 998 906 Marm‘
1018 872 1138 912 1710.

405 978 527 1024 Elaia
543 994 613 1037 per
629 979 987 1037 Eminentiffimum
1000 981 1040 1024 δι
1054 981 1265 1024 Reveren-

432 1039 630 1084 diffimum
665 1039 883 1084 Dominum
914 1039 1035 1081 Dom.
1063 1038 1265 1082 Cardina-

281 1100 361 1144 lem
376 1098 547 1155 Spadam
573 1098 849 1142 controverfia
874 1107 965 1143 orta
996 1098 1104 1142 inter
1122 1098 1264 1141 Domi-

281 1172 376 1201 num
394 1158 602 1214 vicarium
627 1157 946 1202 Patriarchalem
973 1156 1264 1201 Constantino-

282 1216 540 1274 politanum,
574 1218 614 1260 8ι
641 1217 964 1273 PP.Capucinos
992 1215 1138 1259 Gallos
1165 1214 1264 1257 inibi

285 1286 587 1320 commorantes
600 1303 615 1327 ,
627 1289 679 1318 an
707 1275 858 1319 scilicet

370 1335 536 1385 *Primo
566 1364 579 1376 .
620 1332 814 1389 Religiofi
851 1333 1176 1380 concionatores
1205 1340 1263 1376 te-

279 1399 452 1437 neantur
465 1399 602 1446 petere
616 1391 669 1434 ab
680 1390 997 1437 eodemvicario
1011 1389 1265 1437 Patriarcha-

275 1450 310 1495 li
335 1448 655 1493 benedictionem
680 1463 756 1506 pro
779 1451 1048 1494 concionibus
1084 1463 1164 1492 non
1196 1448 1263 1492 so-

277 1508 365 1552 lum
393 1511 581 1565 tempore
605 1507 988 1568 Qadragesimali,
1019 1506 1087 1550 scd
1113 1508 1260 1566 quovis

273 1566 493 1611 etiamalio
506 1576 691 1623 tempore
709 1581 783 1622 per
800 1569 982 1611 annum?

391 1626 583 1670 Secundo
594 1654 607 1667 .
622 1626 687 1668 An
704 1625 825 1668 liceat
839 1624 972 1668 eidem
989 1623 1159 1672 vicario
1181 1625 1260 1668 Pa-

278 1683 488 1736 triarchali
501 1711 519 1737 ,
538 1683 697 1740 quoties
716 1681 784 1738 ipfi
800 1681 984 1736 libuerit,
996 1685 1115 1727 Sacra
1132 1683 1259 1726 etiam

276 1739 533 1789 pontificalia
563 1743 604 1787 in
631 1740 821 1786 Ecclefiis
855 1741 1126 1799 Regularium
1164 1755 1259 1799 per-

277 1815 396 1858 agere
413 1803 430 1845 ἒ

399 1861 569 1904 Tertio.
601 1861 665 1904 An
695 1859 929 1905 Miffionarii
956 1861 1260 1917 Regulareste-

278 1927 451 1963 neantur
465 1920 588 1961 toties
607 1920 770 1973 quoties
797 1928 938 1974 petere
964 1922 1016 1964 ab
1029 1919 1176 1963 eodem
1189 1918 1260 1960 Vi·

276 1978 390 2022 cario
408 1977 672 2020 patriarchali
695 1976 904 2020 licentiam
933 1976 1161 2034 exponendi
1183 1977 1257 2021 in..

277 2036 453 2093 propriis
480 2034 669 2079 Ecclefiis
691 2034 977 2080 Sandtiffimum
998 2034 1260 2080 Eucharistiae

278 2098 582 2140 Sacramentum
596 2096 613 2138 ἰ

393 2153 701 2198 Eminentiffimi
723 2157 864 2200 Patres
893 2167 939 2197 re
965 2152 1128 2198 mature
1163 2166 1258 2208 per-

275 2212 402 2272 pensi
429 2213 752 2270 responderunt.

323 2311 334 2321 ,
394 2272 458 2314 Ad
474 2273 673 2326 primum.
702 2275 903 2314 Servetur
928 2272 1150 2316 Decretum
1163 2269 1259 2312 anni

284 2329 406 2379 1672.
430 2330 472 2372 δι
496 2330 655 2387 quoties
688 2330 885 2372 Dominus
913 2330 1103 2373 Vicarius
1135 2327 1258 2372 fuerit

274 2386 472 2446 praesens,
495 2388 628 2431 teneri
654 2390 778 2430 etiam
801 2386 1065 2432 Miffionarios
1092 2388 1261 2432 benedi·

276 2449 451 2491 &ionem
466 2456 628 2502 petere:
653 2444 831 2489 sufficere
846 2455 981 2490 tamen
1005 2446 1258 2490 licentiam.»

278 2506 400 2550 stmel
413 2502 636 2549 eoneen'am
652 2519 727 2560 pro
748 2513 842 2547 toto
855 2514 1045 2561 tempore
1063 2505 1258 2566 Qadra-

282 2562 460 2620 gefimali
476 2589 493 2613 ,
519 2562 706 2619 idemque
718 2576 792 2618 pro
819 2563 1044 2613 Adventu,
1074 2564 1115 2604 δι
1143 2567 1256 2606 Corsi

280 2622 466 2665 cionibus
480 2621 717 2664 annualibus
731 2649 746 2672 ‚
759 2635 847 2676 quc
857 2649 875 2674 ,
887 2635 969 2664 non
985 2619 1140 2664 variati
1156 2623 1258 2665 Per-

280 2679 378 2724 soni
392 2680 728 2729 Concionatoris,
741 2677 845 2722 fiunt
867 2689 985 2723 certo
1005 2679 1256 2723 determina-

281 2745 330 2783 to
352 2738 623 2794 tempore,nifi
635 2737 768 2783 eidem
785 2738 948 2781 Vicario
967 2740 1021 2782 ob
1039 2740 1257 2783 rationabi-

278 2797 346 2842 les
367 2796 500 2841 causas
512 2824 528 2846 ,
541 2795 638 2840 licet
654 2795 854 2846 occultas,
869 2798 994 2841 visum
1010 2795 1128 2844 fuerit
1145 2798 1258 2841 illam

276 2853 585 2911 ⁴suspendere,ad
600 2853 773 2898 formam
789 2856 912 2901 Bulloe
925 2856 951 2898 s
943 2871 1056 2900 ame.
1070 2857 1259 2902 Clemen-

284 2913 340 2956 tis
360 2915 413 2956 X.
443 2911 512 2958 sub
528 2915 612 2958 dat.
627 2927 693 2958 xi.
711 2914 854 2959 Kalen.
865 2916 961 2974 Julii
979 2916 1099 2970 1670.
1130 2916 1259 2973 incip.

228 3022 231 3026 ,
289 2976 489 3028 superna.

399 3030 464 3076 Ad
486 3030 730 3085 secundum,
748 3032 1000 3079 Affirmative
1015 3059 1030 3083 s
1059 3037 1100 3078 δι
1124 3034 1259 3093 quoad

287 3091 475 3145 exequias
493 3089 783 3135 Defunctorum
797 3093 943 3137 servari
968 3093 1141 3138 solitum.

405 3148 471 3193 Ad
486 3149 651 3193 tertium
665 3177 681 3201 ,
703 3153 925 3197 Serventur
950 3155 1130 3198 Decreta
1145 3155 1268 3199 edita

288 3207 362 3252 sub
375 3206 515 3250 diebus
533 3210 782 3264 14.Januarii
805 3211 925 3270 1648.
939 3222 982 3269 4.
1003 3213 1263 3272 Febr=t664m

292 3268 387 3322 §57-
401 3268 652 3312 Novembris
677 3267 798 3322 1672.

345 3382 519 3442 Exempl.
549 3388 594 3430 in
619 3389 744 3432 Arcb.
768 3387 913 3434 Ordine
934 3391 1103 3445 firmor.
1128 3388 1260 3437 Miffio

405 3442 717 3506 constantinop,
896 3445 909 3450 ”

2075 136 2250 242 287

1331 255 1421 303 Pro
1447 248 1530 301 usu
1555 250 1829 306 facultatum
1872 262 1897 309 ἃ
1923 266 2220 322 Missionariis
2257 278 2310 325 li-⁴

1399 323 1598 373 centiam
1628 341 1719 374 non
1750 327 1805 374 ab
1838 331 2061 399 Episcopis
2079 342 2309 391 Schisma.

1400 395 1502 442 ticis
1517 429 1534 451 ,
1556 392 1630 443 sed
1655 394 1711 443 ab
1730 394 1962 463 Episcopis
1975 433 1990 455 ‚
2010 406 2086 466 qui
2101 411 2312 457 Catholi-

1399 464 1440 512 ci
1473 483 1582 515 cum
1614 465 1746 515 κᾶε
1773 464 1879 515 fidei
1914 472 2186 523 certitudine
2213 495 2310 526 cre.

1334 576 1338 579 ,
1396 534 1567 586 duntur
1582 571 1598 596 ,
1618 536 1862 605 petendam
1879 535 1965 587 effe
1981 537 2240 590 decernitur
2256 579 2272 592 .

1328 665 1376 707 In
1391 667 1700 723 congregatione
1717 669 1967 725 particulari
1988 668 2034 709 de
2056 669 2308 724 propaganda

1358 722 1458 770 Fide
1470 726 1609 769 habita
1623 728 1684 768 die
1699 740 1739 776 7.
1754 731 1862 785 Masi
1879 727 2125 783 1631.fi1per
2142 725 2285 771 Dubiis

1466 786 1678 843 propost'tis
1690 787 1717 828 d
1732 790 1939 843 Capacim's
1954 785 2131 829 Orientis
2146 815 2160 829 .

1455 906 1494 947 D
1509 904 1683 960 primum
1698 906 2073 961 Sac.Congregatio
2085 903 2316 961 respondit,

1464 977 1545 1006 non
1562 964 1636 1007 else
1651 965 1869 1020 petendam
1885 962 2168 1007 aMiffionariis
2184 965 2314 1007 licen-

1324 1029 1423 1064 tiam
1439 1023 1492 1065 ab
1507 1023 1714 1079 Episcopis
1727 1023 1999 1068 schismaticis
2027 1037 2102 1079 pro
2128 1021 2198 1066 usu
2226 1022 2312 1067 sua-

1326 1093 1416 1122 rum
1430 1081 1667 1125 facultatum
1681 1095 1698 1135 ·,
1711 1084 1804 1138 quia
1818 1082 1996 1127 clausula
2013 1083 2084 1125 illa
2101 1081 2153 1125 de
2169 1092 2310 1139 peten—

1325 1139 1378 1183 da
1391 1139 1555 1183 licentia
1570 1139 1794 1196 supradicta
1811 1141 2058 1196 intelligitur
2078 1141 2130 1184 de
2143 1140 2312 1197 Episco-

1324 1199 1385 1252 pis
1397 1199 1724 1243 communionem
1739 1215 1829 1243 cum
1843 1205 1888 1245 S.
1916 1202 1970 1242 R.
1988 1202 2035 1242 E.
2051 1199 2312 1249 habentibus,

1324 1265 1370 1299 ut
1382 1256 1538 1299 constat
1560 1271 1609 1299 ex
1623 1255 1801 1300 formula
1815 1260 2023 1300 literarum
2042 1259 2275 1302 Parentium
2290 1284 2307 1307 ,

1322 1327 1421 1371 quas
1437 1318 1527 1358 Sac.
1541 1315 1821 1370 Congregatio
1847 1314 1901 1356 de
1924 1315 2193 1370 Propaganda
2211 1315 2310 1358 Fide

1324 1388 1398 1431 pro
1408 1373 1664 1426 *Millionariis
1679 1370 1841 1430 expedit
1856 1401 1871 1416 .

1440 1434 1505 1476 Ad
1519 1430 1733 1477 secundum
1747 1461 1761 1474 .
1793 1435 1858 1477 An
1885 1430 2039 1475 scilicet
2058 1431 2233 1489 petenda
2261 1430 2312 1474 fit

1322 1490 1491 1534 lieentia
1515 1505 1594 1547 pro
1627 1491 1737 1534 illius
1767 1489 1834 1534 usu
1861 1492 1910 1532 ab
1940 1490 2146 1548 Episcopis
2162 1518 2177 1541 ‚
2206 1503 2310 1547 quos

1324 1550 1557 1592 Miss'ionarii
1574 1550 1826 1592 arbitrantur
1841 1549 1917 1592 esle
1931 1551 2169 1592 Catholicos
2186 1551 2201 1591 ἓ

1436 1608 1527 1651 Sac.
1541 1609 1818 1664 Congregatio
1833 1607 2037 1663 respondit
2056 1621 2069 1650 ε
2084 1608 2310 1652 Αίῖπηιιιῐὲ

1322 1666 1398 1716 ve,
1412 1666 1437 1709 fi
1457 1675 1568 1710 tanta
1594 1665 1640 1710 fit
1655 1667 1869 1711 certitudo
1881 1679 2023 1708 eorum
2040 1668 2157 1709 πεδί-ε
2181 1663 2304 1717 fidei,

1319 1734 1365 1768 ut
1379 1740 1538 1769 omnem
1552 1726 1784 1769 Schismatis
1801 1754 1813 1775 ,
1829 1740 1876 1768 ac
1891 1726 2039 1770 erroris
2060 1723 2191 1768 inillis
2208 1738 2307 1780 par-

1320 1785 1428 1828 tibus
1447 1785 1619 1840 vigentis
1637 1784 1901 1842 suspicionem
1918 1784 2110 1828 excludat
2126 1811 2138 1823 ·

1436 1846 1503 1888 An
1519 1843 1623 1888 dicia
1639 1845 1802 1888 licentia
1818 1842 1992 1899 petenda
2012 1843 2054 1887 fit
2071 1847 2095 1889 a
2110 1843 2307 1886 Parochis

1319 1901 1606 1946 Schismaticis?
1623 1904 1950 1960 &congregatio
1966 1903 2036 1946 res
2026 1903 2237 1960 pondit‚ut
2253 1902 2308 1946 dc

1321 1960 1528 2019 Episcopis
1545 1988 1558 2004 .

1376 2085 1539 2134 Eat-emp·
1567 2082 1612 2122 in
1642 2081 1768 2124 Arcb.
1785 2094 1880 2137 gen.
1910 2080 2011 2124 ord.
2036 2083 2152 2124 Arm.
2168 2078 2302 2124 Minio

1434 2137 1888 2197 Constantinopolitana
1899 2169 1915 2181 .

1542 2370 1591 2418 D
1627 2369 1668 2418 E
1703 2372 1748 2419 C
1787 2372 1833 2418 R
1870 2370 1910 2418 E
1946 2370 1994 2420 T
2031 2370 2083 2419 Ο

1413 2484 1509 2537 Sae.
1525 2486 1775 2558 Congregdt.
1789 2489 1842 2539 de
1858 2486 2055 2558 Propaeg.
2076 2488 2179 2539 Fide
2194 2524 2210 2540 .

1814 2283 2308 2305 ———-—-——-

1319 2606 1647 2674 Superioribus
1676 2605 1987 2674 cujuscunque
2006 2608 2202 2658 Ordinis
2215 2611 2306 2657 Re-

1385 2676 1900 2745 gularis,Sacerdotibus
1913 2678 2217 2727 Saecularibus
2229 2695 2306 2728 cu-

1379 2743 1525 2811 jusvis
1552 2744 1666 2796 titiis
1694 2747 1947 2796 Orientalis
1975 2746 2024 2796 in
2051 2750 2305 2798 Conventi·

1387 2818 1472 2867 bus
1501 2820 1579 2867 vel
1609 2814 1835 2887 Hospitiis
1862 2816 2136 2868 convistum
2160 2817 2304 2883 dare-q

1393 2889 1664 2957 prohibetur
1684 2924 1698 2938 .

1321 3010 1534 3051 Decretum
1549 3008 1580 3051 S
1582 3021 1641 3050 ac.
1654 3008 1970 3065 congregauonis
1978 3007 2242 3063 particularis
2255 3008 2303 3050 de

1379 3070 1542 3124 Pr0pag.
1561 3069 1657 3112 Fide
1670 3068 1816 3111 habits
1830 3068 1892 3109 die
1907 3081 1976 3124 24.
1992 3072 2094 3123 Aug.
2116 3082 2130 3109 1
2141 3068 2242 3123 736·

1434 3128 1563 3186 super
1577 3127 1691 3171 rebus
1715 3129 1935 3171 locarium
1956 3131 2164 3186 apostolice

1582 3187 2003 3246 constantinopolitani
2014 3214 2027 3227 .

1458 3303 1647 3350 Eferente
1664 3310 1716 3351 R.
1734 3310 1776 3352 Ρ.
1794 3309 1848 3350 D.
1866 3305 2054 3362 Philippo
2078 3301 2131 3344 de
2144 3299 2301 3345 Monti-

1471 3366 1542 3406 bus
1560 3369 1793 3411 Secrerario
1805 3395 1819 3417 ,
1836 3367 1926 3406 Sac.
1940 3363 2221 3417 Congregatio
2232 3360 2297 3415 ju-

1317 3423 1384 3465 stis
1410 3426 1450 3466 ὅτ.
1466 3425 1772 3469 rationabilibus
1801 3422 1925 3465 caufis
1947 3423 2124 3463 animum
2151 3418 2297 3463 suum..

1319 3483 1596 3533 moventibus,
1610 3484 1789 3540 praesenti
1806 3483 1987 3523 Decreto
2001 3477 2187 3535 expresse
2201 3491 2297 3534 pro-

1319 3541 1432 3584 hibet
1450 3541 1638 3584 Patribus
1663 3540 1945 3596 Superioribus
1970 3539 2046 3594 pro
2074 3546 2297 3593 tempore)

1319 3598 1494 3655 cujusvis
1507 3598 1675 3643 Ordinis
1705 3597 1918 3654 Regularis
1936 3627 1952 3648 ,
1983 3599 2106 3640 etiam
2131 3594 2297 3653 speciali

1320 3667 1420 3700 nota
1433 3657 1581 3713 dignis,
1591 3659 1632 3700 in
1647 3658 1831 3702 Civitate
1844 3655 2295 3715 Constantinopolitanp.

1321 3716 1560 3771 degentibus
1576 3744 1591 3769 ,
1614 3731 1663 3761 ne
1689 3717 1875 3772 deinceps
1907 3715 2047 3772 quavis
2073 3713 2190 3758 eausa
2221 3723 2293 3758 aut

2133 3787 2232 3830 prae-
