2496 4172
329 129 505 239 418

273 275 393 319 miffis
406 277 485 318 &c.
512 274 674 335 Q‘brn
691 274 873 319 omnibus
886 276 965 318 &c-
996 272 1261 331 caterisque,

273 338 487 379 contrariis
509 337 854 392 quibuscumque.

392 398 544 438 Datum
556 396 697 438 Rom
709 395 816 450 apud
844 397 1028 437 Sanctam
1045 392 1256 435 Mariam-a

269 455 468 509 Maiorem
495 453 566 496 sub
596 454 763 497 Annulo
795 453 1010 496 Piscatoris
1039 453 1108 494 die
1129 465 1255 493 xxiv.

266 513 655 570 Jnliiaroccxtvn.
680 511 945 557 Pontificatiis
964 509 1105 555 Nostri
1135 513 1257 552 Anno

271 573 455 629 Septimo
468 602 479 614 .

329 689 503 744 Exempl-
518 687 564 729 in
575 687 697 730 Arcb.
713 688 852 728 Gener.
868 686 1027 728 Ordinis
1044 707 1059 722 .

266 926 519 970 Decretum
534 924 681 969 Sacrae
695 917 1084 985 Congregationis
1099 914 1248 983 Episc.

336 989 387 1041 ἆ
417 990 587 1058 Regni.
622 988 678 1037 de
696 985 916 1053 Hospitio
948 987 1067 1034 intra
1102 986 1252 1034 linires

334 1061 612 1110 Parochialis
642 1054 852 1108 Ecclefiae
881 1056 937 1105 de
954 1053 1129 1106 Deusto
1166 1057 1252 1104 in..

335 1127 575 1179 formalem
594 1133 808 1178 Fratrum
829 1131 1036 1178 Domum
1055 1161 1072 1184 ‚
1109 1127 1251 1176 etiam

333 1202 534 1250 aliorum
569 1200 873 1268 Regularium
905 1193 1123 1250 consensu
1158 1214 1251 1247 non

330 1270 547 1340 requisito
563 1307 581 1331 ‚
597 1269 817 1339 erigendo
839 1267 1085 1320 confirmat
1100 1305 1115 1318 .

332 1413 768 1490 BENEDICTUS
812 1413 986 1462 PAPA
1024 1414 1174 1463 xlv.

459 1549 719 1609 Alsietina·
730 1550 791 1595 rei
804 1554 1029 1594 menos-lan
1041 1580 1054 1594 .

407 1679 510 1722 Obis
537 1696 614 1739 pro
629 1690 745 1739 parte
771 1679 907 1723 dileffl
926 1678 1034 1728 Pilii,
1054 1676 1250 1722 Lndovici

422 1742 447 1784 a
460 1741 654 1790 Taurino,
666 1739 830 1782 Ordinis
846 1737 1136 1780 FF.Minorum
1152 1738 1250 1778 San-

259 1799 312 1839 ei
334 1796 532 1840 Prancisti
556 1798 859 1853 Capucinorum
883 1805 1246 1849 nuncupatorum-a

257 1856 545 1900 procuratoris
569 1855 794 1903 Generalis,
811 1853 1139 1908 congregationi
1162 1853 1246 1894 Ve-

256 1914 499 1957 nerabilium
525 1916 708 1959 Fratrum
736 1911 963 1955 nostrorum
985 1912 1130 1955 Sanftae
1156 1911 1244 1952 Ro·

257 1985 380 2014 manc
393 1972 581 2015 Ecclefiae
590 1971 868 2017 Cardinalium
879 1971 1058 2026 negot&
1070 1967 1244 2013 consult.

255 2029 549 2087 Episcoporum
574 2034 615 2075 δι
639 2031 906 2088 Regularium
935 2028 1144 2086 praepofitae
1171 2042 1242 2072 ex-

255 2092 412 2145 ponto,
439 2089 550 2147 quod
566 2092 604 2134 in
618 2089 781 2148 Oppido
794 2115 810 2140 ‚
826 2088 889 2132 seu
908 2091 1034 2133 Terra
1059 2089 1162 2132 intra
1191 2087 1242 2131 li-

253 2150 373 2191 mites
400 2151 646 2194 Parochialis
661 2148 850 2194 Ecclefiae
870 2147 924 2191 de
943 2147 1090 2193 Deusto
1115 2147 1240 2191 Cala-

258 2207 448 2262 guritanae
466 2211 600 2253 Dioec.
621 2212 715 2254 οᾶο
738 2208 787 2251 ab
807 2207 902 2251 hinc
928 2207 1040 2251 annis
1061 2208 1238 2250 erectum

255 2266 384 2310 fuerat
400 2264 628 2324 Hospitium
644 2266 847 2323 Regulare
856 2268 1036 2309 Fratrum
1051 2266 1145 2309 dieii
1160 2268 1237 2309 Or·

252 2325 359 2370 dinis
375 2326 397 2369 a
417 2327 628 2372 Provincia
641 2324 822 2369 Castellae
840 2324 1050 2368 memorati
1067 2325 1234 2369 Ordinis

253 2384 502 2439 dependens,
513 2386 568 2428 de
590 2383 785 2428 consensu
806 2381 1207 2440 bon-mem.Josephi
1220 2411 1235 2436 ,

253 2443 355 2487 dum
371 2444 503 2493 vixit,
531 2443 719 2499 Episcopi
734 2442 1036 2498 Calagurritani,
1064 2443 1107 2485 δι
1130 2441 1239 2486 dile·

253 2505 413 2545 &orum
439 2502 636 2546 filiorum
649 2501 928 2545 Univerfitatis
950 2502 991 2543 dt
1014 2500 1235 2543 Hominum

251 2561 349 2603 dieti
365 2559 515 2615 Oppidi
542 2561 607 2603 seu
622 2558 767 2616 Populi
781 2557 1030 2604 parochialis
1051 2557 1238 2604 Ecclclioe

252 2616 504 2674 hujusmodi3
534 2617 790 2674 postmodum
815 2618 918 2662 vero
942 2626 1043 2661 orte
1073 2618 1234 2662 suerant

251 2676 451 2721 nonnulle
474 2676 753 2722 controversie
776 2686 847 2721 aut
870 2677 959 2721 lites
974 2676 1080 2722 circa
1102 2678 1234 2734 quali-

253 2747 362 2780 tates
389 2734 505 2793 ipiius
532 2737 733 2794 Hospitii,
760 2736 994 2781 nolentibus
1023 2736 1233 2782 Fratribus

250 2796 345 2839 disti
358 2795 525 2840 Ordinis
547 2796 646 2839 inibi
666 2796 919 2851 perseverare
943 2793 1087 2853 absque
1100 2795 1232 2853 Regu-

251 2855 327 2898 lari
352 2852 602 2900 observantia
618 2882 634 2907 ‚
667 2857 704 2899 δι
731 2856 771 2898 in
799 2854 944 2899 eidem
969 2854 1229 2913 expolitione

253 2913 491 2970 subjuncto,
517 2923 561 2958 ut
575 2912 856 2959 dissenlionum
871 2916 1003 2959 litium
1036 2927 1085 2958 ue
1098 2912 1230 2969 buius-

247 2973 360 3017 modi
384 2972 578 3016 radicitus
604 2973 882 3025 praecideretur
903 2987 1001 3017 occa
1017 2988 1088 3026 10,
1117 2974 1157 3017 dt
1181 2986 1233 3017 ne

250 3029 497 3075 Univerfitas
539 3032 581 3074 δι
605 3032 799 3076 Homines
826 3033 1001 3088 proediffl
1035 3029 1230 3090 spirituali

251 3087 422 3134 iirbfidio
441 3088 558 3134 valde
582 3088 794 3135 necessario
817 3093 1100 3148 privarentur,
1132 3104 1234 3148 pro-

251 3148 383 3193 babit!
404 3149 507 3191 Ven-
523 3150 670 3194 Fratris
685 3175 698 3198 ,
732 3149 876 3194 Didaci
891 3180 907 3203 ,
930 3151 1116 3195 moderni
1131 3149 1231 3207 Epi-

249 3205 356 3267 scopi
368 3207 649 3265 Calaguritani
673 3208 860 3260 licentia,
891 3208 1131 3257 facultatem
1151 3209 1232 3255 eri-

1075 127 1612 218 ffllonumenta

1321 273 1439 330 gendi
1468 271 1697 326 predictum
1724 267 1953 324 Hospitium
1983 270 2024 313 in
2056 268 2303 314 formalem)

1318 339 1607 377 conventum,
1639 329 1679 372 in
1707 342 1790 384 quo
1818 343 1912 370 cum
1938 330 2131 386 Regulari
2163 331 2304 371 obser·-

1318 391 1452 434 vantia
1468 388 1684 432 duodecim
1701 389 1841 429 saltem
1861 390 2016 431 Fratres
2033 415 2048 438 ,
2079 388 2189 441 iuxta
2205 400 2305 443 prae-

1315 448 1505 505 scriptum
1531 446 1877 491 constitutionum
1906 448 2233 503 Apostolicarum
2262 447 2302 488 δε

1318 506 1587 564 Regularium
1612 506 1780 548 Ordinis
1808 505 2064 561 hujusmodi,
2095 504 2306 550 relidere,

1318 569 1495 614 valeant,
1512 565 1578 608 fibi
1595 566 1762 608 concedi
1778 566 1993 621 plurimum
2008 563 2305 608 defiderabant:

1315 627 1527 670 Emanavit
1542 625 1591 666 ab
1606 624 1689 681 ipsa
1702 625 1981 667 Cardinalium
1996 623 2301 679 Congregatio-

1316 698 1366 727 ne
1396 688 1614 728 Decretum
1646 684 1797 727 tenoris
1825 683 2023 740 sequentis
2046 712 2060 735 ‚
2090 682 2302 724 videlicet:

1315 746 1440 786 Sacra
1454 744 1735 797 congregatio
1746 743 1837 785 Emi
1843 741 2157 786 uentiffimorum
2171 742 2210 783 δι
2221 741 2304 783 Re-

1315 798 1687 842 verendiffimorum
1709 805 1756 844 S.
1782 803 1837 844 R.
1863 803 1912 845 h.
1937 802 2211 844 Cardinalium
2232 813 2303 841 ne·

1312 867 1398 910 got.
1423 858 1464 898 &
1489 854 1664 900 consult.
1680 857 1811 913 Episc-
1837 862 1877 902 &
1902 860 2049 914 Regul.
2072 858 2302 916 praepoffla,

1312 911 1514 956 referente
1541 915 1860 960 Eminentiffimo
1885 920 2062 961 Tanario
2089 920 2301 968 Ponente‚

1312 970 1468 1014 attenta
1480 972 1689 1014 Ordinarii
1709 975 1988 1031 calaguritani
2003 978 2202 1021 relatione
2213 1005 2230 1028 ,
2251 989 2298 1017 ac

1312 1042 1355 1071 re
1371 1029 1530 1072 mature
1546 1031 1742 1085 perpensii
1753 1057 1768 1079 ,
1792 1036 1944 1077 censuit
1970 1035 2272 1080 rescribendum
2284 1061 2302 1086 ‚

1313 1098 1433 1144 prout
1447 1087 1651 1144 rescripfit
1681 1102 1737 1130 z:
1759 1092 1843 1147 Pro
1855 1094 2055 1137 ereffione
2070 1093 2244 1150 Hospitii
2257 1093 2297 1135 in

1311 1150 1575 1190 Conventum
1609 1161 1667 1190 =
1694 1146 1874 1204 Ideoque
1913 1148 2046 1193 eidem
2082 1152 2301 1195 Ordinatio

1310 1205 1482 1262 benigne
1498 1205 1698 1249 commifit
1713 1235 1728 1259 ,
1752 1216 1798 1249 ut
1815 1207 1990 1252 constito
2016 1207 2084 1252 fibi
2106 1207 2299 1253 fabricam

1308 1265 1406 1307 dieu
1436 1265 1610 1321 Hospitii
1644 1279 1736 1308 cum
1772 1264 1949 1311 Ecclefia
1976 1295 1992 1319 ‚
2037 1267 2301 1324 Campanili,

1311 1325 1453 1367 Choro
1467 1354 1481 1377 ,
1502 1323 1690 1370 sacristia
1705 1353 1721 1377 ,
1742 1324 1978 1370 Refeeiorio
1990 1354 2004 1376 ‚
2029 1328 2298 1381 Dormitorio,

1308 1384 1348 1425 δι
1364 1383 1502 1427 Horto
1516 1383 1591 1427 efle
1610 1382 1840 1428 absolutam
1855 1413 1869 1438 ,
1888 1399 1937 1430 ac
1954 1386 2051 1431 inibi
2067 1400 2117 1429 ex
2131 1387 2299 1431 Piorum

1311 1442 1582 1499 eleemosynis
1600 1472 1615 1494 ,
1635 1440 1780 1487 saltem
1810 1443 2030 1490 duodecim
2050 1444 2299 1503 Religiosos,

1312 1501 1544 1546 substentari
1566 1501 1675 1559 poffe
1687 1531 1702 1554 ‚
1721 1503 1770 1548 ad
1785 1505 2068 1549 executionem
2088 1504 2295 1549 enunciati

1311 1560 1535 1618 Rescripti,
1550 1560 1717 1606 servatis
1737 1564 1923 1608 omnibus
1937 1578 2010 1620 per
2021 1564 2294 1609 S·Concilium

1311 1620 1501 1664 Trident.
1516 1623 1554 1663 8(
1569 1620 1848 1665 constitution
1855 1637 1898 1666 es
1924 1622 2177 1679 Apostolicas
2190 1636 2294 1677 prae·

1309 1677 1493 1736 scriptis,
1519 1680 1641 1722 etiam
1655 1679 1802 1736 abique
1825 1681 1998 1724 aliorum
2025 1682 2293 1737 Regularium

1309 1738 1498 1781 consensu
1517 1764 1531 1786 ‚
1545 1752 1619 1792 pro
1632 1740 1702 1783 suo
1715 1739 1889 1784 arbitrio
1902 1740 1944 1782 δι
1957 1738 2202 1785 conscientia
2218 1739 2293 1784 de-

1311 1798 1449 1852 veniat
1462 1825 1474 1837 .
1493 1799 1631 1839 Romae
1652 1797 1926 1839 u-Februarii
1945 1812 2136 1842 uocem
2150 1799 2293 1843 1.c.A.

1305 1854 1430 1895 Card.
1447 1852 1688 1895 Cavalchini
1703 1882 1716 1894 .
1741 1852 1886 1909 Josepb
1911 1856 2043 1898 Maria
2063 1859 2187 1900 Arch.
2206 1860 2291 1900 Da·

1306 1911 1418 1954 miat.
1434 1912 1687 1955 secretarius
1707 1939 1718 1951 .
1733 1914 1780 1955 L·
1792 1915 1848 1970 »Β
1862 1913 1903 1955 S·

1423 1972 1532 2012 Cum
1563 1979 1728 2018 autem,
1760 1971 1860 2015 licut
1890 1969 2019 2014 diClus
2051 1973 2291 2018 Ludovicus

1305 2034 1552 2075 Procurator
1566 2029 1776 2073 Generalis
1807 2030 1935 2075 Nobis
1961 2029 2127 2076 subinde
2139 2033 2286 2090 exponi

1300 2086 1426 2140 fecit,
1438 2086 1520 2145 ipse
1542 2090 1767 2134 Decretum
1785 2089 2023 2147 hujusmodi,
2036 2094 2122 2148 quo
2133 2090 2285 2136 firmius

1301 2148 1473 2192 subsistat
1493 2179 1508 2200 ,
1542 2149 1583 2191 δι
1611 2147 1797 2192 servetur
1822 2148 2023 2200 exactius,
2041 2149 2286 2208 Apostolicae

1298 2206 1625 2252 confirmationis
1645 2208 1786 2252 nostrae
1809 2209 2042 2266 patrocinio
2059 2210 2287 2255 communi-

1298 2269 1332 2311 ri
1363 2266 1621 2324 summopere
1650 2270 1792 2323 cupiat
1807 2296 1834 2321 ,.
1852 2271 1941 2311 Nos
1955 2268 2080 2324 ipsum
2096 2269 2284 2314 Ludovi-

1297 2339 1391 2370 cum
1418 2325 1444 2367 s
1513 2325 1657 2370 ialibus
1690 2324 1893 2371 favoribus
1907 2326 1986 2368 &c-
2022 2328 2284 2370 Decretum-a

1297 2384 1418 2441 proein
1436 2392 1573 2427 ertum
1602 2384 1849 2426 auctoritare
1862 2380 2093 2438 Apostolica
2106 2411 2122 2437 ,
2135 2394 2280 2429 tenore

1296 2439 1544 2499 presentium
1557 2442 1840 2497 approbamus,
1854 2441 1895 2483 ἃ.
1905 2439 2185 2486 confirmamus
2193 2445 2276 2487 &e-

1297 2501 1555 2543 salvatamen
1581 2497 1735 2556 semper
1762 2500 1801 2542 in
1818 2498 2017 2555 premissis
2038 2502 2279 2547 auctoritate

1294 2567 1523 2602 memoratae
1566 2557 1907 2614 Congregationis
1959 2557 2271 2605 Cardinalium.

1295 2621 1574 2662 Decernentes
1589 2617 1668 2660 διο.
1695 2619 1789 2660 Non
1810 2615 2058 2673 obstantibus
2074 2618 2152 2662 διο.
2175 2633 2280 2665 con.

1289 2675 1459 2721 firmatis
1474 2702 1490 2727 ‚
1507 2676 1766 2720 &innovatis
1781 2704 1793 2718 .
1814 2675 1973 2735 Qibus
1999 2677 2185 2722 omnibus
2198 2680 2272 2724 διε.

1291 2734 1474 2792 expresse
1497 2734 1732 2792 derogamus
1754 2761 1770 2786 ‚
1796 2732 2023 2793 ceterisque
2049 2740 2268 2783 contrariis

1289 2793 1628 2853 quibuscumque.
1796 2821 1803 2827 -

1408 2856 1556 2898 Datum
1575 2855 1716 2898 Roma:
1728 2851 1834 2910 apud
1861 2855 2043 2901 sannam
2067 2855 2270 2902 Mariam..

1291 2913 1490 2970 Maiorem
1518 2912 1587 2956 sub
1602 2913 1769 2958 Annulo
1786 2911 2000 2960 Pistatoris
2025 2914 2093 2959 die
2109 2928 2174 2959 sx-
2193 2916 2276 2960 re-

1292 2973 1442 3017 bruarii
1460 2986 1631 3018 uocem
1648 2986 1660 3017 ι
1676 2986 1710 3016 ι.
1733 2972 1998 3020 Pontificatsss
2026 2974 2163 3020 Nostri
2179 2974 2271 3020 An·

1288 3046 1344 3077 no
1358 3027 1531 3077 Decimo
1548 3032 1674 3077 tertio
1685 3061 1699 3075 .

1351 3150 1525 3208 Rumpi.
1542 3151 1587 3194 iu
1603 3148 1725 3196 Arcb.
1739 3153 1878 3197 Gener·
1895 3152 1990 3198 Ord-

2056 3794 2202 3840 SUP-
