2508 4218
1035 164 1390 285 Praefheio
1415 232 1429 249 .

290 319 338 374 δὲ
369 317 593 376 videnda,
626 333 704 372 21.
743 313 1027 365 Novembris
1049 331 1168 363 anno
1197 330 1445 365 Moocxuv.
1476 310 1734 363 solemniter
1762 322 1963 382 aperuit.

221 394 300 444 Ne
331 388 380 443 <St
404 386 718 442 Sanffionibus
745 383 993 436 Pontificiis
1019 420 1036 444 ,
1064 399 1141 440 aut
1169 387 1315 439 Sacrae
1350 386 1737 453 congregationis
1769 391 1974 438 Decretis
2010 394 2118 457 quid
2146 399 2220 447 de,

291 459 425 520 effit‚
446 455 624 510 diverso
645 472 850 523 tempore
886 457 985 505 illas
1020 454 1068 512 ὃς
1095 456 1186 511 baec
1218 453 1467 505 Clariffimi
1490 455 1592 504 Viri
1611 490 1627 513 ‚
1656 456 1733 504 vel
1760 457 1947 525 integris
1978 463 2222 513 Commen.

289 530 447 590 ratiis,
473 529 546 580 vel
578 528 770 579 Scholiis
799 525 849 578 δι
878 528 998 578 notis
1029 524 1308 577 illustrarunt
1325 561 1340 583 ,
1370 542 1423 579 ac
1449 524 1606 578 obvias
1630 523 1926 579 difficultates
1949 522 2224 583 enodziruntss

290 602 424 669 Qos
453 601 568 654 inter
594 596 774 670 speciali
800 598 1019 652 memoria
1046 595 1212 666 dignos
1238 596 1511 651 commendo
1529 596 1920 650 Bartholomaeum
1938 601 2224 660 Gavantum,

292 671 529 727 Clerictnu
556 669 836 740 Regularem
863 671 912 722 S.
931 668 1061 719 Pauli
1091 701 1109 725 ,
1135 666 1267 716 dietae
1296 670 1441 717 Sacrae
1471 668 1857 735 Congregationis
1893 671 2063 737 pariter
2100 675 2222 724 Con-

290 740 510 795 sultorcm
529 775 546 798 ,
577 741 802 792 Carolum
833 741 1080 803 Guyetum
1097 772 1113 794 .
1130 739 1371 790 Societatis
1397 734 1512 805 Jesu
1540 773 1556 796 ‚
1580 734 1893 792 Baruffaldum
1922 773 1938 796 ,
1955 742 2225 803 CaJetanum

290 813 490 866 Mariam
524 811 1044 868 Moratum,Clericum
1074 810 1350 877 Regularem
1387 809 1665 860 Theatinum
1693 844 1709 866 ,
1742 807 1940 871 ejusdem
1972 814 2097 860 Sacr.
2128 814 2226 860 Rit.

291 882 677 952 Congregationis
715 879 878 936 itidem
923 876 1283 936 consultorem,
1306 876 1356 934 δι
1393 877 1707 928 Clarissimum
1731 881 1875 948 Joan.
1908 882 2226 933 Michaelem..

290 953 527 1005 Cavalieri
556 952 582 1005 ὲ
612 954 842 1021 Bergomo
867 986 883 1013 ‚
915 949 1108 1004 Ordinis
1141 951 1449 1003 Eremitarum
1475 952 1522 999 S.
1553 947 1800 1018 Augustini
1831 949 2069 1002 Lestorem
2098 954 2229 1000 Eme·

289 1023 429 1075 ritum
463 1056 479 1080 ,
503 1023 581 1095 qui
614 1036 731 1094 opere
765 1039 878 1072 novo
908 1056 923 1079 ,
953 1020 1145 1069 bullenus
1174 1023 1377 1069 intentato
1409 1055 1424 1077 ,
1462 1037 1510 1069 ac
1534 1019 1732 1073 δοὶἶνὶηω
1763 1025 1982 1071 varietate
2007 1036 2227 1080 contexto,

292 1110 344 1146 ac
373 1093 418 1145 in
447 1094 644 1161 quinque
675 1106 828 1143 tomos
857 1087 1097 1146 distributo
1115 1126 1130 1149 ,
1162 1093 1309 1140 Sacrae
1338 1092 1722 1161 congregationis
1750 1094 1945 1143 Decreta
1988 1090 2227 1142 noviffime

292 1163 553 1233 explanavit
579 1203 591 1218 .
628 1163 812 1233 Qibus
834 1167 935 1226 jure
962 1162 1125 1210 merito
1153 1177 1206 1208 ex
1238 1158 1525 1210 Nostratibus
1556 1161 1757 1231 adjungo
1790 1179 1864 1211 eos
1899 1196 1914 1219 ,
1952 1164 2031 1228 qui
2065 1162 2121 1211 de
2151 1162 2230 1211 Ri-

293 1246 426 1286 tuum
455 1236 700 1284 Sacrorum
735 1230 968 1299 disciplina
1000 1248 1055 1280 ex
1092 1226 1284 1297 professo
1321 1227 1622 1297 scripserunt,
1650 1233 1694 1279 in
1721 1232 1998 1280 Bibliotheca
2024 1233 2226 1298 Scripto-

293 1321 398 1356 rum
428 1302 619 1358 Ordinis
645 1301 783 1357 nostri
810 1303 855 1354 in
882 1301 1039 1357 Indice
1071 1303 1125 1352 Π.
1149 1299 1269 1351 Sacri
1296 1299 1430 1353 Ritus
1440 1315 1541 1372 pag.
1558 1319 1583 1349 2
1590 1320 1676 1366 90.
1707 1302 1885 1371 prolixo
1906 1335 1923 1365 ‚
1951 1298 1999 1351 ὅ(
2026 1301 2229 1376 alphabe-

292 1375 387 1423 tico
413 1371 570 1422 ordine
599 1371 799 1423 recensiti
815 1408 829 1426 .
1518 1373 1524 1376 ’
1718 1372 1723 1376 ’

226 1441 444 1498 Protensa
475 1442 704 1512 hucusque
730 1445 844 1494 ritus
870 1442 1054 1509 quidem
1085 1441 1247 1493 officii
1284 1442 1440 1492 Divini
1474 1440 1706 1511 specialius
1732 1442 1910 1493 tantum
1924 1457 2223 1501 concernunt,

293 1530 343 1565 ea
376 1528 527 1568 tamen
558 1513 778 1589 benignus
808 1514 972 1565 Lestor
1002 1512 1059 1562 ad
1094 1516 1205 1565 ritus
1238 1511 1542 1564 Sacrosanfiae
1589 1514 1903 1571 Eucharistiae,
1933 1531 2017 1563 ceu
2045 1511 2125 1562 sub
2158 1531 2226 1562 ra-

292 1586 413 1639 tione
440 1587 718 1640 Sacramenti
737 1602 851 1649 ‚ceu
877 1581 1094 1636 Sacrificii
1119 1582 1426 1642 considerate,
1439 1585 1496 1634 ad
1525 1589 1717 1635 Decreta
1746 1583 1895 1636 culti‘is
1920 1583 2191 1634 SanRorum
2214 1620 2231 1644 ,

292 1652 342 1709 ἃ
376 1658 626 1710 Servorum
653 1658 774 1716 Dei,
797 1657 974 1727 aliaque
1007 1653 1213 1711 Ecclesiae
1245 1655 1468 1722 mysteria
1496 1654 1542 1711 ἃ
1569 1652 1821 1707 funfflones
1854 1654 2046 1705 libenter
2081 1669 2229 1704 exten·

291 1724 368 1780 det
385 1760 403 1784 ,
426 1740 530 1777 tum
548 1725 670 1794 quod
701 1725 964 1796 Apostolica
994 1727 1332 1784 Monumenta.
1357 1743 1455 1793 quae
1481 1727 1792 1794 primahujus
1824 1727 1939 1776 tomi
1968 1742 2068 1793 pars
2105 1726 2230 1778 exhi·

289 1794 366 1848 bet
394 1831 411 1856 2
453 1815 505 1851 ea
535 1815 714 1869 quoque
748 1794 1003 1870 promiscue
1033 1799 1227 1866 attingat
1261 1831 1278 1855 ,
1317 1810 1418 1846 tum
1441 1796 1566 1865 quod
1593 1800 1642 1848 S.
1662 1796 1790 1848 Sedis
1829 1796 2111 1864 providentia
2127 1795 2224 1864 pari

292 1865 595 1926 sollicitudine
621 1870 698 1923 illa
730 1866 1024 1924 commendet
1039 1902 1056 1927 ,
1084 1883 1181 1920 tum
1198 1903 1215 1926 ,
1240 1866 1365 1935 quod
1390 1866 1494 1918 ideo
1520 1867 1762 1918 dumtaxat
1792 1863 1929 1916 fufius
1953 1862 2023 1914 hic
2050 1866 2105 1914 de
2136 1862 2223 1916 Of-

293 1932 403 1988 ficio
424 1939 597 1990 Divino
617 1941 788 2008 egerim
804 1975 820 1999 ,
840 1938 964 2008 quod
979 1939 1133 2011 potior
1164 1941 1469 1996 Decretorum
1495 1956 1599 2015 pars
1627 1940 1716 1991 hoc
1749 1936 1896 1992 divini
1929 1932 2108 1995 cultiis,
2131 1954 2228 1990 mu·

297 2008 412 2055 neris
433 1998 481 2055 ἆ
505 2006 706 2075 obsequii
739 2008 927 2076 pensum
950 2023 1224 2059 concernat·

229 2073 439 2140 Dispersa
464 2080 555 2143 jam
584 2078 855 2145 colligamus
872 2110 890 2135 ‚
915 2074 963 2131 δι
990 2093 1045 2127 ex
1072 2075 1200 2126 unito
1226 2076 1529 2126 Summorunn
1559 2073 1833 2124 Pontificum
1863 2074 2111 2132 studio,ac-
2131 2078 2224 2124 Do-

295 2145 474 2197 tstorum
501 2147 726 2199 litterario
755 2157 925 2195 conatu
952 2139 1276 2190 concludamus
1306 2175 1325 2200 2
1353 2140 1576 2211 quantum
1608 2144 1676 2192 illi
1703 2161 1824 2211 purae
1854 2147 2052 2194 Rituurn
2079 2143 2227 2193 obser-

270 2229 272 2232 ·
296 2218 460 2267 vantiae
492 2212 760 2270 institerint,
784 2224 1005 2278 quantum
1027 2209 1076 2265 ὅ(
1100 2211 1146 2262 hi
1176 2211 1290 2260 hanc
1317 2213 1586 2275 coadjuvare
1621 2213 1969 2272 contenderint,
2000 2231 2089 2264 non
2116 2228 2228 2274 tam,

293 2297 345 2335 ut
377 2279 659 2333 sanffltatem
686 2284 859 2332 rituum
888 2280 937 2332 ἃ
967 2282 1381 2340 caeremoniarum,
1413 2299 1523 2349 quas
1558 2283 1747 2334 Seflarii
1775 2284 1953 2335 adunco
1985 2283 2221 2351 lividoque

290 2350 466 2426 semper
496 2352 630 2406 dente
666 2386 682 2412 ,
709 2351 818 2403 teste
845 2350 1089 2403 Cardinale
1118 2355 1244 2403 Bona
1274 2351 1354 2405 lib.
1380 2371 1422 2405 ι.
1441 2372 1525 2403 rer.
1560 2353 1732 2422 Litarg.
1762 2370 1849 2421 cap.
1885 2374 1932 2415 7.
1970 2354 2226 2414 invadunt,

292 2421 342 2479 ἃ
366 2423 536 2476 rodunt
553 2460 578 2486 a*
600 2438 677 2475 aut
710 2424 819 2477 alias
849 2426 1027 2474 calamo
1051 2421 1154 2473 felle
1187 2421 1334 2473 tinsto
1368 2424 1638 2482 traducunt,
1676 2422 1933 2476 suffulciant
1953 2459 1968 2482 ,
2001 2424 2141 2491 quam
2175 2439 2227 2474 ut

292 2495 340 2546 in
367 2496 534 2550 unitate
565 2496 764 2549 Rituum
794 2496 988 2548 varietas
1020 2494 1282 2551 afflonum,
1313 2491 1360 2545 ἃ
1390 2496 1436 2545 in
1461 2496 1677 2549 varietate
1708 2497 2092 2548 coeremoniarum
2133 2497 2225 2549 uni-

291 2578 362 2618 tas
395 2563 641 2619 substantia:
662 2565 708 2619 in
734 2563 932 2619 Ecclesia
956 2566 1041 2619 Dei
1072 2562 1316 2637 gloriosius
1344 2564 1623 2634 resplendeat
1640 2603 1653 2616 .

226 2635 573 2690 concludamus
600 2672 618 2695 ,
645 2650 866 2706 quantum
897 2634 945 2689 ὅ(
975 2636 1216 2708 Capucino
1243 2670 1260 2694 ,
1289 2637 1366 2702 qui
1405 2638 1452 2686 vi
1489 2639 1678 2707 Regulae
1704 2635 1934 2688 Officium
1963 2638 2222 2692 Divinum-1

286 2710 420 2771 juxta
455 2708 615 2757 Ritum
648 2706 819 2759 Sane‘tae
853 2710 1069 2760 Romana:
1104 2704 1311 2759 Ecclefiae
1354 2708 1541 2757 recitare
1582 2722 1761 2757 tenetur
1790 2742 1807 2764 ,
1847 2706 2082 2760 incumbat
2117 2739 2134 2762 ,
2171 2717 2223 2752 ut

291 2774 540 2831 Pontificiae
571 2779 797 2832 voluntati
821 2774 869 2829 ὅ(
894 2775 1107 2828 mandato
1134 2776 1247 2829 ritus
1274 2764 1382 2829 suos
1403 2777 1564 2830 ritibus
1592 2774 1799 2828 Ecclesiae
1838 2779 2059 2827 Romanae
2092 2789 2220 2822 acco·

295 2847 454 2900 moder
480 2883 495 2906 ,
538 2845 642 2901 usus
671 2845 944 2915 Apostolicis
980 2847 1186 2899 Decretis
1221 2847 1472 2898 contrarios
1503 2847 1706 2899 eliminet
1735 2880 1750 2902 ,
1791 2843 1840 2895 ὅ(
1879 2840 2094 2892 uniformi
2129 2842 2224 2890 cul-

294 2929 345 2967 tu
380 2917 424 2969 se
459 2918 650 2988 dignum
679 2917 930 2968 Sanftuarii
967 2916 1234 2969 Ministrum
1262 2915 1455 2983 praebeat
1482 2953 1495 2967 .
1526 2919 1638 2967 Non
1667 2912 1865 2974 sufficit,
1894 2920 2024 2977 juxta
2055 2911 2220 2963 Conci-

292 2987 344 3036 lii
378 2987 638 3042 Tridentini
678 2989 903 3040 monitum
925 2988 1026 3058 stffi
1046 3006 1125 3051 24.
1149 2989 1198 3039 de
1225 2986 1392 3056 reform.
1419 2987 1656 3036 dumtaxat
1681 2989 1727 3033 in
1752 2986 1873 3033 choro
1897 2985 1955 3034 ad
1972 2983 2224 3051 psallendum

291 3056 489 3109 instituto
504 3093 520 3116 ,
552 3059 717 3121 hymnis
747 3065 800 3109 8
835 3063 1008 3109 canticis
1037 3059 1123 3107 Dei
1150 3077 1288 3106 nomen
1314 3072 1555 3107 reverenter
1570 3092 1586 3114 ,
1601 3055 1796 3106 diflinfle
1822 3057 1877 3103 (θ’
1900 3056 2052 3104 devote?
2080 3053 2220 3101 lauda-

289 3145 334 3175 re
363 3163 380 3190 ,
405 3126 481 3182 sed
506 3127 814 3185 adamufitato
835 3133 1142 3184 Decretorum
1175 3126 1543 3201 Apostolicorum
1575 3124 1625 3179 δε
1654 3128 1849 3179 Rituum
1884 3123 1965 3177 usu
1995 3141 2108 3198 opus
2133 3123 2218 3172 Dei

292 3197 619 3266 complendum
646 3198 733 3250 else
762 3200 1053 3252 meminerit,
1654 3252 1658 3256 .

223 3265 341 3317 Audi
366 3271 497 3339 proin
525 3266 658 3335 Isi-ael
674 3269 944 3321 Coeremom'as
970 3285 1092 3338 atque
1120 3268 1278 3325 iudicia
1294 3302 1310 3326 ,
1335 3285 1432 3334 quae
1463 3268 1508 3315 in
1544 3267 1631 3316 hoc
1662 3282 1793 3320 tomo
1827 3265 1909 3314 tibi
1934 3263 1991 3315 ad
2011 3263 2216 3331 regulam

291 3338 560 3392 exhibentur
590 3373 607 3397 ,
632 3339 779 3411 dist-ite
806 3357 855 3387 ea
882 3373 898 3396 ,
925 3346 979 3388 ἐφ’
1010 3347 1124 3403 opere
1149 3340 1341 3404 complete
1364 3373 1376 3385 .
1418 3337 1535 3386 Audi
1563 3371 1579 3393 ,
1610 3336 1659 3387 ὅ(
1689 3337 1765 3385 ubi
1796 3340 2046 3388 Decretum
2075 3336 2219 3382 Sacrae

293 3410 676 3479 Congregationis
696 3445 712 3466 ,
755 3407 804 3459 δι
841 3406 1054 3460 sententia
1085 3409 1308 3459 Authoris
1332 3409 1378 3459 in
1408 3405 1517 3456 ritfis
1544 3404 1668 3457 sensu
1694 3402 1917 3458 contrarie
1941 3415 2219 3458 occurrunt,

295 3476 567 3548 amplectere
599 3476 795 3545 Ursayae
823 3493 922 3527 eom.
950 3495 991 3526 1.
1014 3492 1109 3545 par.
1134 3496 1174 3525 ι.
1205 3478 1352 3542 dist-ep.
1377 3496 1417 3525 1.
1452 3495 1559 3523 num.
1582 3495 1627 3535 7.
1661 3475 1916 3524 dofirinam
1947 3507 1965 3530 ‚
2001 3470 2049 3522 ὅ(
2075 3473 2222 3539 priva-

294 3561 349 3599 tae
384 3551 588 3616 opinioni
612 3546 769 3619 praefer
798 3552 1048 3598 Decretum
1069 3545 1341 3614 Apostolicae
1367 3546 1651 3597 authoritatis
1667 3545 1913 3595 munimine
1931 3540 2213 3594 roboratum.

226 3615 399 3683 Distite
441 3621 677 3680 canonicas
709 3614 915 3670 Ecclesiae
957 3614 1081 3683 leges
1111 3651 1127 3672 ‚
1161 3632 1383 3666 memores
1413 3649 1429 3670 ,
1472 3613 1595 3678 quod
1641 3609 2010 3679 Hipponenssum
2049 3607 2216 3661 Praesul

294 3686 579 3754 Augustinus
608 3690 687 3740 lib.
710 3708 750 3744 ι.
791 3703 901 3754 oper.
927 3682 1095 3752 imperf.
1121 3702 1231 3735 num.
1257 3701 1366 3745 105.
1404 3680 1746 3748 consequentem
1791 3682 2008 3750 peccandi
2042 3679 2217 3729 neceffi·

293 3769 432 3807 tatem
461 3758 506 3806 in
539 3759 623 3808 illo
652 3773 810 3828 arguat
835 3794 851 3817 ,
884 3757 960 3824 qui
989 3790 1005 3815 ,
1032 3753 1155 3821 quod
1181 3753 1290 3804 scire
1326 3751 1374 3803 ἃ
1401 3750 1544 3802 facere
1575 3764 1752 3801 tenetur
1783 3787 1799 3811 ,
1829 3752 2111 3869 culpabilister
2144 3768 2217 3800 ne·

2059 3834 2150 3870 c1t:
