2496 4172
976 114 1434 232 stpoffolica
1448 180 1465 199 .

233 270 484 328 dulgentiam
504 295 520 320 ,
553 267 675 324 quam
702 269 780 311 Sua
804 265 999 308 Sanctitas
1025 262 1064 305 in
1093 262 1205 307 dietis

233 331 377 374 diebus
405 325 686 372 Benediffione
709 357 724 378 ‚
749 322 910 382 publice
935 320 1088 380 populo
1117 321 1206 366 dari

237 388 351 434 solita
369 388 539 444 largitur
553 415 568 439 ,
584 385 839 442 consequitur
849 413 864 428 -

292 449 432 491 xvn.
491 446 575 504 Qui
591 445 752 496 audiet,
770 442 870 500 vel(
888 439 1122 486 fiSacerdos
1138 439 1209 496 fit)

231 507 388 553 Missam
415 505 664 554 celebrabit,
694 505 734 546 δι
759 516 836 559 pro
851 500 1082 555 Principum
1095 499 1210 554 Chri,

233 568 450 611 stianorum
463 565 729 622 prosperitate
745 590 761 614 ,
788 562 829 604 δι
840 574 916 618 pro
930 559 1097 602 illorum
1113 562 1206 603 Sta—

234 638 348 671 tuum
364 623 662 680 tranquillitate
675 619 838 672 orabit,
864 618 1048 662 lucratur
1063 616 1207 661 Indul-

233 685 418 744 gentiam
442 679 593 738 septem
612 693 807 725 annorum
820 706 837 732 ,
859 679 900 732 ὃς
913 677 1090 722 totidem
1107 691 1205 735 qua·
1230 698 1234 701 ·

230 746 529 797 dragenarum.·

229 836 235 839 >
286 802 450 845 xvm.
509 798 594 854 Qui
607 812 682 855 pro
693 796 1024 849 conservatione,
1050 798 1092 839 Be.
1115 808 1209 850 aug·

226 867 368 906 mento
381 856 608 914 Religionis
625 862 666 902 S.
683 857 886 901 Benediffi
898 856 1097 904 oraverit,
1112 867 1204 897 om-

227 922 338 964 nium
352 919 552 962 bonorum
567 927 680 973 ,quae
696 917 736 959 in
758 916 865 958 dieta
881 913 1096 971 Religione
1110 927 1202 970 per-

226 987 425 1035 aguntur,
441 975 643 1033 particeps
663 976 741 1019 erit
756 1003 770 1017 .

289 1037 400 1079 xlx.
459 1034 631 1089 Quoties
642 1033 735 1090 quis
747 1034 801 1078 ob
813 1033 1087 1077 infirmitatem
1100 1060 1115 1085 ,
1137 1031 1205 1076 vel

231 1094 344 1139 aliud
358 1092 588 1149 legitimum
605 1093 939 1150 impedimentum
953 1094 1092 1136 audire
1104 1118 1120 1141 ,
1136 1090 1203 1135 vel

227 1153 438 1197 celebrare
453 1151 610 1195 Miss'am'
622 1179 638 1206 ,
673 1152 737 1196 vel
758 1152 948 1196 Officium
981 1151 1175 1194 Divinum
1186 1174 1202 1199 2

225 1212 293 1255 vel
310 1215 352 1255 Β.
369 1213 422 1254 V.
433 1210 572 1253 Mariae
587 1238 602 1260 ,
619 1209 682 1254 vel
696 1210 774 1254 alia
792 1210 954 1255 virtutis
977 1209 1203 1253 exercitia...

225 1285 301 1327 pro
331 1268 609 1326 praedic'tarum
634 1268 976 1325 Indulgentiarum
1006 1264 1201 1311 consecu-

225 1329 341 1372 tione
362 1326 801 1385 praescripta‚pcragere
814 1342 892 1374 non
907 1327 1089 1385 potuerit
1103 1355 1119 1378 ,
1132 1327 1204 1369 has

224 1385 496 1441 consequetur
512 1386 719 1430 recitando
733 1387 772 1429 in
787 1387 898 1431 vices
915 1395 979 1429 ter
1007 1387 1125 1429 Pater
1138 1396 1202 1427 no·

224 1444 307 1491 scer
325 1470 339 1494 ‚
356 1451 420 1487 tot
440 1447 524 1488 Ave
538 1443 680 1488 Maria
694 1474 710 1496 ,
722 1446 763 1488 &
777 1448 890 1488 salve
906 1445 1058 1501 Regina
1069 1472 1086 1494 ,
1099 1457 1146 1486 ac
1161 1443 1202 1484 in

228 1503 311 1547 fine
326 1502 443 1560 hujus
457 1502 634 1548 dicendo
646 1518 659 1546 :
673 1503 874 1547 Benediffa
885 1503 935 1547 fit
959 1501 1095 1545 3οηἄὲ
1136 1510 1199 1541 ma

222 1562 426 1612 Trinitas,
452 1559 502 1608 (5
522 1561 728 1605 laudatum
753 1560 1035 1620 Sanffiffimum
1063 1562 1200 1601 sacre-

218 1627 391 1663 mentum
403 1646 417 1670 ,
444 1631 492 1659 ac
511 1617 717 1675 purffma
739 1622 945 1675 Cancepno
973 1615 1199 1673 Beattffmae

229 1677 397 1733 Virginis
428 1677 564 1730 Maris
580 1677 657 1719 fine
674 1685 833 1732 peccato
857 1673 1047 1730 originali
1069 1686 1199 1715 cence-

213 1746 290 1795 με
306 1764 322 1788 ,
335 1735 392 1778 ita
407 1739 543 1777 tamen
556 1763 570 1786 ,
584 1743 629 1778 ut
644 1732 841 1780 conseffua
869 1737 909 1779 δι
921 1732 1198 1777 communica·

221 1805 289 1840 tua
301 1823 316 1845 ,
329 1801 397 1836 aut
412 1793 551 1836 saltem
563 1792 692 1837 corde
715 1807 808 1836 cum
823 1791 1082 1838 confessionis
1099 1803 1198 1846 pro-

222 1851 357 1910 pofito
372 1850 573 1894 contritus
589 1849 734 1894 fuerit.

281 1911 380 1954 XX.
431 1910 692 1965 Quicumque
706 1909 746 1952 in
761 1910 937 1954 articulo
951 1909 1097 1953 mortis
1112 1906 1200 1964 post

223 1977 386 2024 recepta
405 1970 665 2012 Sacramenta
677 1993 692 2018 ‚
706 1969 801 2022 rel,
825 1968 851 2012 fi
868 1970 921 2012 ob
936 1967 1201 2025 impedimen-

225 2039 312 2072 tum
328 2041 374 2071 ea
389 2026 568 2083 recipere
589 2041 665 2070 non
681 2026 798 2084 ponit
813 2057 827 2081 ,
843 2025 961 2073 fuerit
978 2027 1171 2071 contritus
1183 2051 1199 2074 ,

225 2086 355 2130 corde
368 2083 485 2143 ‘Jfias
497 2084 551 2136 ὠ·
564 2085 704 2131 Maria
720 2114 736 2138 ,
748 2085 772 2129 fi
788 2101 862 2131 ore
874 2101 951 2131 non
966 2084 1093 2143 possit
1106 2113 1122 2137 ,
1139 2083 1198 2127 di.

220 2147 327 2190 xerit
338 2173 353 2196 ,
382 2146 592 2200 plenariam
617 2147 801 2189 omnium
829 2155 1092 2203 peccatorum
1107 2143 1195 2188 suo·

222 2218 312 2248 rum
328 2201 628 2260 Indulgentiam
642 2203 902 2262 consequitur
915 2235 929 2250 .

294 2261 409 2303 XXI.
481 2264 635 2304 Omnes
675 2265 877 2318 prodictas
919 2261 1198 2320 Indulgentias

221 2317 391 2375 quilibet
422 2318 551 2370 potest
581 2319 786 2372 applicare
817 2334 893 2374 pro
922 2320 961 2362 se
978 2348 992 2371 ,
1027 2323 1090 2364 vel
1119 2335 1198 2375 pro

222 2374 441 2423 Animabus
460 2375 687 2430 Purgatorii
700 2403 713 2416 .

337 2432 505 2476 Mandat
516 2437 596 2477 Sua
609 2434 802 2479 Sanctitas
813 2464 829 2490 2
857 2443 903 2481 ut
932 2438 973 2481 iu
995 2434 1194 2493 dispensa-

223 2494 335 2538 tione
349 2517 364 2540 ,
381 2489 447 2532 vel
465 2489 534 2532 usn
549 2488 775 2544 hujusmodi
789 2491 1099 2543 Numismatum,
1112 2496 1196 2535 Co·

225 2562 420 2597 ronarum
446 2549 524 2590 διε.
552 2551 772 2592 Decretum
797 2546 869 2592 fel.
882 2563 1002 2592 mem.
1020 2549 1196 2592 Alexan-

225 2609 289 2666 drj
307 2609 400 2652 vu.
417 2607 485 2651 sub
497 2606 540 2649 6.
557 2606 761 2649 Februarii
781 2607 905 2660 1657.
932 2605 1200 2664 impressum.-

227 2671 466 2713 observetur
477 2691 494 2715 ,
525 2663 719 2710 videlicet
732 2692 747 2716 ‚
777 2667 885 2724 quod
916 2668 1165 2711 Numismata
1182 2694 1199 2719 ,

228 2730 402 2772 Coronae
414 2727 491 2767 διε.
505 2723 720 2768 benedicte
733 2739 826 2770 cum
845 2726 1038 2783 praedietis
1054 2726 1197 2770 Indul-

226 2786 366 2846 gentiis
380 2798 462 2828 non
479 2782 681 2826 transeant
695 2783 801 2827 ultra
816 2783 1010 2830 Personas
1026 2815 1041 2838 ,
1051 2786 1195 2842 quibus

229 2849 334 2889 datae
348 2871 363 2894 ,
394 2841 457 2886 vel
478 2842 625 2898 quibus
638 2844 686 2886 ab
698 2842 759 2887 his
772 2845 899 2898 prima
930 2847 1015 2891 vice
1045 2844 1193 2890 fuerint

228 2898 454 2960 dispensatae
472 2911 486 2942 ε
514 2901 552 2942 &
565 2901 675 2958 quod
706 2915 786 2944 non
815 2902 954 2958 poffint
982 2904 1068 2947 aliis
1086 2917 1195 2945 com-

223 2959 383 3006 modari
396 2959 578 3016 precario
593 2988 608 3012 ,
620 2961 718 3006 alias
737 2961 1029 3017 Indulgentiam
1042 2992 1058 3014 ,
1073 2976 1193 3019 quam

226 3021 377 3066 habent
392 3047 408 3071 ,
424 3017 616 3063 amittunt
629 3047 646 3071 ,
666 3021 827 3077 &quod
845 3020 923 3065 und
938 3020 1095 3078 perdita
1107 3036 1191 3066 non

225 3080 340 3138 poffit
355 3075 533 3121 substitui
548 3077 652 3129 alia,
683 3093 762 3123 non
787 3079 971 3125 obstante
1000 3094 1194 3138 quacum-

229 3152 307 3197 que
321 3134 570 3182 conceffione
584 3163 599 3187 a
615 3136 681 3182 vel
695 3137 908 3194 privilegio
919 3169 932 3182 .

344 3195 538 3239 Declarat
554 3197 729 3252 insuper,
747 3198 874 3254 quod,
891 3197 916 3240 fi
931 3198 1063 3256 aliqua
1077 3196 1199 3241 dista-

231 3271 321 3301 rum
336 3252 517 3298 crucam
530 3283 545 3306 ,
557 3256 837 3306 Coronarum,
869 3257 1168 3303 nuntiorum„
1181 3286 1196 3309 ,

227 3310 522 3361 numismatum
547 3314 733 3371 perdatur
747 3343 759 3364 ‚
786 3328 866 3358 non
881 3316 994 3371 possit
1014 3316 1195 3361 substitui

231 3373 307 3417 alia
322 3378 339 3427 ,³
369 3387 455 3428 quae
485 3373 535 3416 ab
567 3375 728 3419 Abbate
744 3374 1065 3420 Montis-serrati
1077 3391 1194 3422 non-s

228 3433 351 3476 fuerit
368 3431 575 3477 benediaa
588 3462 600 3475 .
1115 3463 1123 3468 s

344 3491 539 3536 Prohibet
554 3507 718 3549 quoque
729 3516 745 3546 ,-
760 3494 867 3550 quod
885 3508 959 3550 pro
973 3492 1080 3539 hisce
1091 3499 1195 3540 Cru-

228 3550 343 3594 cibus
356 3576 372 3599 ,
395 3552 570 3595 Coronis
584 3579 599 3602 ,
627 3552 797 3596 Rosariis
810 3579 824 3602 ‚
852 3553 918 3596 vel
936 3554 1196 3597 Numistnati-

227 3611 301 3652 bus
315 3636 330 3659 ,
343 3621 420 3651 nec
435 3610 642 3655 minimum
657 3612 770 3668 poffit
789 3612 893 3668 exigi
905 3612 974 3655 sub
989 3627 1090 3669 pena
1104 3628 1195 3670 per-

223 3666 393 3712 ditionis
410 3668 757 3726 Indulgentiarum
773 3701 787 3724 ,
818 3673 858 3714 &
873 3672 960 3714 aliis
985 3672 1096 3729 penis
1111 3676 1195 3716 Ca-

226 3727 386 3771 nonicis
399 3727 449 3770 ab
463 3730 669 3787 Episcopis
682 3759 697 3783 ,
723 3732 785 3775 vel
800 3730 914 3788 fidei
942 3732 1193 3789 lnquifitori-

2000 115 2214 247 4313

1269 267 1342 308 bus
1359 291 1379 329 ⁵.
1405 261 1472 305 seu
1488 263 1785 317 Quaestoribus3
1815 271 1852 310 &
1867 273 1951 314 aliis
1969 302 1983 325 ‚
2007 281 2074 331 qui
2105 282 2237 335 hujus-

1267 322 1380 422 mods
1412 335 1473 364 res
1502 323 1638 365 Sacras
1655 323 1814 366 venales
1846 340 2049 383 exponunt
2063 363 2078 388 ,
2108 338 2239 391 impo-

1270 395 1349 424 nen
1383 394 1414 423 is
1428 409 1441 422 .

1385 439 1579 483 Declarat
1594 439 1758 486 demum
1775 442 1969 489 sanctitas
1999 449 2102 496 Sua,
2130 449 2238 504 quod

1268 512 1404 545 omnes
1420 499 1508 542 aliae
1525 499 1819 557 indulgentie,
1831 503 1871 544 δι
1886 501 2023 557 gratia!
2040 531 2055 553 ,
2068 518 2150 558 quae
2176 508 2241 549 di-

1268 560 1340 602 ctis
1372 556 1690 604 Numismatibus
1708 589 1725 615 ,
1751 561 1978 611 Crucibus,
2002 561 2041 601 &
2063 564 2240 606 Coronis

1266 615 1455 662 concessae
1469 618 1694 663 afferuntur
1709 647 1723 669 ‚
1753 621 1794 662 δι
1818 621 1856 663 in
1869 618 2050 678 praesenti
2064 620 2242 662 Summa-

1265 680 1329 722 rio
1344 692 1423 720 non
1437 679 1618 736 expreffae
1632 681 1915 732 continentur,
1928 679 2064 732 nulla,
2074 680 2115 722 δι
2131 680 2154 721 ἰ
2165 682 2243 732 Sua

1269 739 1486 781 Sanctitate
1498 738 1682 795 expresse
1698 748 1897 783 revocatas
1909 740 1985 782 fint
1998 766 2013 793 ς

1388 799 1539 841 Datum
1556 799 1786 857 2.Januarii
1806 811 1926 852 1727.

1547 921 1601 968 L.
1625 916 1769 969 Card.
1786 919 1897 969 Pico
1911 915 2190 970 PraefeRus‘l

1411 1034 1572 1094 Raffiul
1585 1036 1751 1094 Colimus
1765 1037 1811 1080 de
1830 1039 2075 1094 Hieronymt's
2098 1040 2244 1079 secret,

1322 1153 1406 1209 §.3.
1469 1155 1578 1196 Cum
1592 1162 1726 1198 autem
1741 1185 1755 1207 ‚
1773 1155 1872 1198 ficut
1885 1156 2029 1200 eadem
2044 1153 2240 1211 expolitio

1264 1211 1528 1265 subjungebat
1541 1237 1556 1261 ,
1576 1212 1675 1256 dieti
1691 1215 1899 1270 Philippus
1917 1217 2008 1258 Rex
2021 1243 2036 1267 ,
2059 1216 2100 1257 δι
2115 1212 2245 1256 Elisa·

1265 1271 1364 1312 beth
1379 1270 1540 1323 Regina
1557 1274 1831 1315 Summarium
1848 1271 2072 1328 hujusmodi
2090 1286 2166 1328 pro
2178 1269 2242 1312 fir-

1266 1327 1381 1370 miori
1411 1327 1519 1370 illius
1552 1327 1792 1372 subfinemia
1822 1331 2064 1387 Apostolicae
2093 1328 2243 1370 confir-

1264 1386 1452 1429 mationis
1466 1386 1606 1430 nostra:
1620 1389 1851 1444 patrocinio
1876 1385 2115 1428 communiri
2138 1382 2240 1424 sum-

1264 1458 1428 1498 mopere
1456 1443 1679 1488 defiderent
1694 1471 1709 1493 ,
1737 1447 1822 1486 Nos
1849 1441 2065 1485 laudabilia
2078 1455 2242 1484 corum-

1261 1502 1353 1544 dem
1380 1501 1555 1556 Pbilippi
1579 1502 1728 1556 Regis,
1751 1502 1791 1542 &
1807 1500 2040 1544 Elisabethae
2071 1501 2239 1554 Reginae

1261 1572 1356 1615 erga
1375 1571 1434 1599 res
1460 1560 1597 1600 Sacras
1613 1558 1737 1600 studia
1754 1558 1972 1615 plurimum
1996 1561 2037 1602 in
2059 1558 2239 1602 Domino

1261 1613 1588 1660 commendantes
1602 1641 1616 1663 ‚
1646 1614 1798 1671 piisque
1829 1631 1969 1660 eorum
1989 1618 2173 1672 precibus
2186 1615 2241 1656 fa·-

1262 1673 1505 1718 vorabiliter
1520 1686 1699 1717 annuere
1714 1682 1878 1730 paterna
1897 1674 2150 1730 benignitate
2164 1686 2241 1714 cu·

1261 1735 1430 1790 pientes,
1447 1732 1497 1773 de
1509 1743 1825 1778 memoratorum
1839 1731 2123 1777 Cardinalium
2139 1744 2239 1773 con-

1259 1791 1346 1835 filio
1360 1790 1630 1848 praeiusertum
1657 1792 1930 1836 Summarium
1956 1789 2240 1846 Indulgentia-

1257 1864 1351 1896 rum
1375 1850 1611 1894 auctoritate
1637 1851 1888 1909 Apostolica,
1901 1858 2048 1895 tenore
2071 1846 2242 1905 prescii·-¹

1261 1910 1365 1954 tium
1380 1911 1675 1966 approbamus,
1700 1911 1741 1953 δι
1755 1908 2040 1954 confirmamus
2053 1933 2068 1959 ,
2099 1906 2242 1962 illique

1263 1968 1508 2013 inviolabilis
1525 1968 1767 2027 Apostolicae
1780 1967 1983 2012 firmitatis
1998 1967 2121 2011 robur
2134 1964 2242 2022 adjiq

1261 2030 1407 2073 cimus.
1428 2030 1627 2072 Praeterea
1641 2043 1747 2072 nunc
1764 2057 1780 2080 ,
1805 2030 1845 2072 δι
1858 2042 1934 2085 pro
1947 2036 2138 2084 tempore
2153 2024 2234 2067 exi-

1261 2089 1376 2132 stenti
1409 2086 1638 2131 Praefidenti
1666 2117 1684 2140 ,
1713 2088 1783 2132 seu
1813 2087 2024 2143 Superiori
2057 2081 2249 2140 praedie'til

1261 2146 1495 2191 Monasterii
1509 2174 1524 2197 ,
1541 2145 1723 2199 absente,
1741 2144 1802 2191 vel
1817 2145 2012 2202 impedito
2028 2143 2136 2187 illius
2154 2141 2240 2184 Ab·

1260 2207 1354 2249 bate
1367 2232 1383 2256 ,
1394 2206 1547 2248 Cruces
1562 2233 1576 2257 ,
1594 2205 1758 2249 Rosaria
1770 2234 1787 2256 ,
1804 2205 2053 2250 Numilmata
2065 2227 2080 2251 s
2095 2204 2136 2247 δι
2153 2202 2237 2243 Co-

1259 2277 1383 2309 ronas
1409 2264 1635 2321 hujusmodi
1662 2262 1931 2308 benedicendi
1964 2260 2201 2305 facultatem
2218 2284 2234 2308 ,

1261 2323 1523 2372 auctoritate,
1535 2324 1576 2362 δι
1588 2333 1734 2365 tenore
1749 2323 1940 2376 praedic‘tis
1956 2321 2235 2367 concedimus,

1258 2381 1298 2422 &
1313 2380 1592 2435 impartimur:
1622 2378 1726 2424 salva
1754 2389 1887 2423 tamen
1915 2378 2066 2432 semper
2080 2380 2120 2419 in
2135 2389 2237 2432 prae·

1258 2437 1376 2482 millis
1407 2439 1647 2484 auctoritate
1677 2438 1869 2496 predicta
1897 2434 2236 2493 congregationis

1257 2494 1536 2539 Cardinalium
1551 2526 1564 2538 .

1315 2552 1396 2607 §4
1459 2556 1734 2599 Decernentes
1757 2553 1857 2609 ipsas
1872 2552 2084 2610 presentes
2104 2552 2236 2595 Litte-

1258 2625 1322 2656 ras
1338 2612 1490 2669 semper
1506 2610 1665 2665 firmas,
1688 2612 1840 2656 validas
1855 2639 1869 2662 ‚
1899 2614 1939 2654 &
1952 2609 2135 2654 efficaces
2149 2611 2235 2653 exi-

1259 2671 1362 2714 stere
1377 2672 1416 2713 &
1442 2668 1531 2714 fore
1549 2672 1739 2728 ,suosque
1754 2672 1951 2727 plenarios
1963 2697 1977 2720 ‚
2003 2670 2234 2724 &integros

1256 2730 1415 2774 effeetus
1429 2729 1559 2775 sortiri
1573 2760 1586 2784 ,
1601 2734 1641 2774 &
1656 2732 1841 2776 obtinere
1855 2759 1868 2781 ‚
1882 2744 1928 2773 ac
1942 2729 2024 2772 illis
2039 2758 2054 2782 ,
2067 2727 2115 2770 ad
2133 2740 2235 2783 quos

1257 2789 1400 2846 spee'tat
1415 2819 1428 2841 ,
1442 2790 1482 2831 δι
1498 2805 1569 2846 pro
1583 2802 1770 2846 tempore
1801 2790 1992 2846 spefikabit
2007 2816 2022 2838 ‚
2043 2788 2084 2830 in
2097 2786 2234 2834 omni-

1254 2849 1329 2892 bus
1342 2875 1357 2898 ,
1368 2850 1408 2890 &
1426 2863 1495 2902 per
1508 2852 1644 2894 omnia
1658 2848 1878 2906 pleniffimi:
1894 2846 2093 2903 suffragari
2108 2874 2120 2885 .
2147 2844 2234 2888 Sic-

1254 2921 1332 2964 que
1349 2934 1364 2958 ,
1390 2910 1430 2950 δι
1444 2922 1523 2952 non
1552 2910 1672 2954 aliter
1696 2923 1766 2965 per
1779 2906 2049 2965 quoscumque
2069 2904 2233 2962 Judices

1254 2965 1499 3011 ordinarios
1511 2996 1524 3021 ,
1556 2971 1596 3012 &
1614 2968 1829 3024 Delegatos
1843 2996 1858 3019 ,
1885 2966 2009 3010 etiam
2027 2965 2232 3008 causarum

1258 3023 1404 3069 Palatii
1420 3028 1644 3084 Apostolici
1659 3026 1876 3072 Auditores
1889 3023 2090 3083 judicari,
2103 3023 2143 3066 δι
2157 3021 2233 3064 de-

1254 3082 1361 3126 finiri
1377 3084 1610 3141 debere;ac
1622 3087 1780 3130 irritum
1796 3085 1993 3138 ,&inane
2013 3112 2030 3134 ‚
2059 3080 2086 3123 fi
2118 3080 2229 3123 secus

1258 3143 1372 3200 super
1386 3145 1444 3188 his
1457 3149 1688 3203 iquoquam
1700 3146 1840 3202 quavis
1854 3141 2094 3187 auetoritate
2106 3139 2231 3204 scicn-

1258 3210 1323 3245 ter
1343 3232 1358 3255 ,
1392 3205 1459 3249 vel
1490 3207 1727 3262 ignoranter
1758 3203 1981 3260 contigerit
2012 3205 2205 3262 attentari
2215 3224 2230 3238 .

1257 3265 1354 3306 Non
1365 3264 1612 3308 obstantibus
1628 3262 1996 3308 Constitutionibus
2009 3287 2024 3309 ‚
2048 3258 2087 3298 &
2100 3253 2230 3297 Ordi-

1256 3322 1485 3367 nationibus
1501 3323 1744 3381 Apostolicis
1762 3351 1777 3375 ,
1799 3318 2034 3375 eaeterisque
2061 3319 2230 3364 contra-j

1255 3380 1324 3424 riis
1339 3382 1647 3439 quibuscumque
1660 3410 1670 3422 .
2112 3432 2121 3441 .

1312 3439 1396 3490 55.
1458 3441 1658 3485 Volumus
1686 3444 1850 3490 autem,
1876 3441 1922 3479 ut
1945 3430 2228 3491 praesentium-3

1256 3499 1499 3545 Litterarum
1526 3499 1780 3552 transumptis
1807 3526 1822 3548 ,
1852 3495 1972 3538 etiam
1998 3489 2191 3546 impreffis
2203 3498 2226 3542 ,⁴

1253 3571 1375 3600 manu
1406 3556 1570 3613 alicujus
1593 3556 1754 3602 Notarii
1787 3553 1932 3611 publici
1961 3549 2189 3606 subscriptis
2201 3575 2216 3598 ‚

1253 3619 1292 3658 δι
1307 3616 1436 3671 figillo
1464 3615 1639 3672 personae
1663 3618 1701 3658 in
1727 3611 2000 3658 Ecclefiastica
2024 3609 2223 3664 dignitate

1254 3676 1473 3719 constitutae
1485 3676 1646 3719 munitis
1662 3704 1675 3728 ,
1687 3673 1828 3717 eadem
1857 3669 2010 3726 prorsus
2026 3666 2125 3710 fides
2142 3674 2226 3710 tam

1253 3734 1488 3792 injudicio,
1519 3736 1638 3792 quim
1669 3742 1783 3778 extra
1812 3729 1918 3775 illud
1949 3729 2095 3786 ubique
2111 3725 2227 3769 loco-

2075 3799 2167 3827 rum
