2496 4172
1059 160 1526 281 Apostolica·.

334 316 719 369 RESCRIPTO
755 313 1196 366 PONTIFICIO.

278 443 598 499 Commodum
668 442 894 513 equitandi
952 441 1245 492 Miffionariis

349 517 482 567 omni
493 517 673 567 meliori
689 514 830 566 modo
857 514 1140 582 permittitur
1156 547 1170 561 .

552 653 797 723 Bem‘ſjime·
809 653 938 706 Pater
950 669 967 703 ε

374 783 562 830 Refectus
578 782 909 828 Miffionariorum
933 782 1239 839 Capucinorum

392 843 558 886 Thibeti
603 842 652 885 ad
676 845 800 900 pedes
834 843 1065 887 sanctitatis
1093 841 1241 884 Vestrae

271 901 492 960 prostratus
508 915 600 945 cum
625 901 734 944 omni
760 900 1011 945 submissione
1038 902 1238 956 exponit,

270 960 381 1018 quod
397 959 576 1004 clausula
587 973 645 1002 ε
656 960 824 1020 Qando
844 971 959 1017 urget
974 959 1171 1019 necfiitas
1184 973 1242 1001 ==

271 1020 313 1062 in
328 1022 615 1076 Decreto,quo
628 1022 648 1062 ἑ
663 1024 784 1063 Sacra
797 1020 1128 1076 Congregatione
1145 1017 1240 1060 Mis-

270 1077 444 1121 fionariis
476 1079 514 1122 in
537 1079 681 1121 itinere
714 1075 803 1120 usus
830 1079 1038 1122 commodi
1073 1077 1204 1132 potius
1223 1103 1238 1126 ‚

270 1139 390 1193 quam
406 1135 615 1181 levaminis
627 1163 641 1186 ‚
654 1137 904 1192 permittitur
916 1163 931 1186 ,
944 1135 1115 1190 expressa
1133 1164 1148 1188 ,
1177 1135 1239 1178 sae·

269 1196 357 1252 pius
378 1196 419 1239 in
446 1194 696 1239 conscientiis
717 1192 1051 1239 Miffionariorum
1070 1194 1237 1248 scrupu-

269 1255 334 1298 los
353 1253 684 1310 &perplexitates
697 1253 856 1305 causet,
872 1268 985 1302 cum,
1001 1255 1054 1297 de
1071 1267 1147 1311 qua
1159 1265 1235 1295 ne-

270 1312 449 1363 cestitate
463 1312 613 1355 diuum
630 1315 854 1362 Decretum
870 1312 1087 1370 loquatur,
1116 1325 1234 1354 non..>

267 1371 374 1414 Bene
389 1369 612 1413 discernere
633 1372 774 1426 poffint
791 1386 903 1423 ,nam
929 1386 1022 1417 cum
1050 1374 1088 1414 in
1105 1371 1237 1414 neces-

269 1429 389 1489 titate
431 1428 517 1471 ravi
537 1456 551 1480 ‚
565 1428 830 1484 praeiente‚&
845 1429 1034 1474 evidente
1047 1460 1063 1482 ,
1078 1440 1240 1478 natura,

270 1489 312 1530 δι
343 1486 383 1543 ip
401 1501 422 1528 a
444 1486 608 1541 Regula
630 1489 654 1533 a
683 1498 893 1544 praecepto
911 1503 991 1532 non
1028 1488 1235 1546 equitandi

271 1543 493 1600 dispenset,
505 1546 600 1601 quin
618 1545 655 1588 in
669 1547 814 1590 talibus
828 1546 980 1590 cafibus
1003 1548 1083 1591 alia
1100 1546 1231 1604 requi·

268 1611 384 1648 ratur
397 1601 635 1659 dispensatio
647 1631 662 1654 ,
680 1604 828 1648 dielum
844 1608 1062 1648 Decretum
1076 1606 1128 1647 de
1143 1605 1234 1649 aliis

266 1659 564 1706 neceffitatibus
577 1661 794 1706 ordinariis
807 1663 979 1720 intelligi
1004 1664 1154 1708 debere
1177 1664 1236 1707 vi-

269 1719 416 1770 detur,
431 1719 636 1763 &heina
648 1719 736 1776 ipsae
750 1722 838 1764 sunt
851 1751 865 1772 ‚
884 1737 984 1779 quas
1001 1722 1234 1768 Millionarii

265 1778 509 1836 distinguere
532 1787 733 1836 nequeunt
746 1809 763 1832 ,
773 1782 810 1822 &
826 1794 899 1837 pro
911 1795 1080 1838 quarum
1094 1782 1233 1826 decla-

267 1837 426 1880 ratione
439 1837 813 1881 Sanetitati·Vestrae
833 1838 1080 1896 supplicatur
1104 1870 1116 1883 .
1146 1843 1235 1884 Re-

269 1896 342 1952 gio
361 1894 429 1937 ista
443 1896 646 1946 montibus
660 1895 709 1936 as
702 1897 807 1950 peris
824 1923 840 1948 ,
862 1898 903 1939 δι
915 1898 1120 1941 ordinarie
1135 1900 1236 1941 nivi-

270 1954 343 1996 bus
361 1954 401 1995 &
415 1953 547 2008 glacie
559 1971 561 1973 ·
574 1952 761 1996 obductis
785 1954 988 2007 abundat,
1001 1957 1040 1998 8:
1054 1970 1237 1999 commo-

271 2012 325 2056 da
340 2041 354 2065 ‚
372 2025 457 2068 quae
473 2010 570 2056 aliis
586 2011 638 2054 ibi
655 2011 694 2053 in
710 2009 779 2056 usu
796 2011 910 2065 sunt,
939 2016 1034 2058 raro
1060 2017 1099 2058 in
1121 2016 1238 2059 itine-

267 2071 381 2114 ribus
396 2071 648 2128 reperiuntur
660 2099 677 2121 ,
691 2070 784 2113 inde
805 2069 1034 2127 frequenter
1045 2072 1237 2129 obtingit,

271 2137 344 2180 ut,
358 2128 520 2186 quando
533 2142 610 2172 non
624 2127 676 2172 est
691 2127 897 2173 neceffitas
910 2158 924 2182 ,
939 2131 1038 2174 adfit
1052 2145 1235 2174 commo-

268 2187 368 2232 dum
382 2214 395 2236 ,
409 2189 449 2231 δι
462 2187 623 2244 quando
647 2187 686 2229 in
699 2187 867 2230 itineris*
882 2186 1082 2246 progreil'u
1105 2189 1238 2233 neces-

267 2245 362 2289 fitas
388 2245 616 2301 supervenit
628 2269 643 2292 a
667 2243 924 2287 commodum
953 2262 1030 2291 non
1064 2247 1235 2302 amplius

266 2304 471 2360 reperitur
483 2330 495 2343 .
508 2303 776 2360 Qapropter
792 2303 1001 2348 Praefee'tus
1025 2307 1067 2349 ez
1079 2304 1233 2350 Missio·

267 2362 368 2406 narii
384 2361 558 2418 proedic'li
571 2387 586 2411 ‚
601 2359 841 2410 humillime,
854 2371 897 2405 ut
914 2363 1042 2419 supra,
1060 2364 1233 2420 prostra-

268 2421 332 2472 ti,
345 2435 420 2477 pro
449 2418 592 2474 majore
605 2416 853 2463 conscientie
864 2423 1000 2477 quiete
1026 2425 1233 2466 Sanflitati

270 2479 508 2535 Vestraepro
518 2477 795 2521 declaratione
813 2493 906 2523 cum
936 2491 1101 2536 paterna
1129 2484 1229 2526 1³00.

270 2534 391 2580 tificia
433 2534 712 2580 Benedic'tioue
752 2534 978 2594 supplicant
1007 2568 1035 2583 0⁴
1060 2543 1237 2601 Qanu

274 2596 386 2640 neus
414 2595 487 2637 διε.
1072 2619 1077 2624 -

386 2709 676 2757 &Audis-ntia
689 2710 943 2769 *sanmstimi
965 2713 1028 2758 die
1056 2718 1125 2761 28.

569 2767 802 2814 Novembris
820 2783 939 2827 ¹742·

387 2883 662 2930 sanctissimus
683 2888 848 2929 attentis
876 2887 1082 2936 laboribus
1108 2897 1148 2938 &
1182 2895 1242 2936 in·

270 2943 492 2986 commodis
506 2970 522 2995 ‚
545 2958 630 3001 que
653 2948 848 2989 Oratores
869 2948 919 2990 ad
934 2953 1243 2997 exercendum-a

270 3001 509 3055 Missionarii
533 3004 730 3047 munus-in
744 3003 986 3061 Regionibus
1000 3039 1015 3063 ‚
1030 3011 1082 3056 de
1099 3013 1241 3068 quibus

271 3062 316 3105 in
328 3061 540 3118 precibun
552 3063 608 3104 ob
619 3063 722 3105 a‘e‘ris
734 3063 988 3121 asperitatem
1003 3097 1018 3120 ,
1031 3084 1078 3114 ac
1092 3070 1238 3114 diffici-

272 3120 329 3164 lia
353 3120 493 3164 itinera
506 3149 521 3171 ,
535 3117 722 3165 sustinere
733 3131 918 3169 tenentur
928 3153 943 3176 ‚
955 3152 960 3160 ·
974 3128 1145 3186 benigne
1166 3128 1235 3173 cis-

272 3178 370 3222 dem
384 3177 545 3222 induliit
560 3178 796 3224 facultatem
808 3184 1014 3238 equitandi
1027 3189 1137 3232 omni
1152 3203 1236 3231 me-

274 3237 381 3282 liore
403 3236 551 3289 mode,
578 3251 697 3294 quem
719 3240 776 3282 eis
804 3241 1055 3295 presentabit
1069 3247 1241 3299 oceafio,

275 3305 444 3352 propter
455 3295 665 3340 Missiones
683 3297 780 3340 inibi
794 3302 1067 3358 pervagandas
1079 3331 1095 3354 ‚
1110 3307 1151 3348 δι
1171 3319 1240 3348 ea-

276 3354 459 3420 rumdem
486 3345 673 3412 tensporc
697 3355 872 3399 durante
885 3384 900 3408 ,
927 3361 1245 3423 quibuscumque

279 3423 320 3453 m
330 3413 578 3456 contrarium
591 3429 672 3458 non
685 3414 932 3460 obstantibus
941 3445 956 3460 .
972 3447 978 3451 -

337 3529 399 3573 Ex
411 3530 581 3575 Ἀνεόἰοο
588 3531 652 3585 s&
667 3533 1043 3593 Armarioprfdibl'o
1056 3566 1070 3580 .

382 3821 486 3879 Tomy
495 3821 576 3867 1⁷11.

2048 186 2211 296 265

1308 321 1365 368 In
1391 317 1618 367 Oratorio
1649 316 1854 385 Hospitii
1882 318 2275 373 Miffionariorum

1375 389 1605 455 Bengalae,
1622 386 1788 455 absque
1805 386 2079 438 restriRione
2092 393 2277 441 dierum

1374 454 1452 507 seu
1478 456 1697 508 festorum
1712 458 2037 507 solemniorum
2058 461 2276 508 celebrari

1382 528 1595 598 indulget
1610 564 1624 578 .

1305 659 1830 713 BENEDICTUS
1866 658 2071 708 PAPA
2108 655 2277 705 XIV.

1486 787 1553 832 Ad
1561 785 1752 843 fissuram
1766 788 1825 830 ret·
1838 786 2061 829 memoriam
2074 811 2087 826 .

1417 910 1521 957 Um,
1556 900 1653 949 ficut
1679 904 1846 948 dilcCtus
1877 903 1998 947 Filius
2023 931 2036 954 ,
2074 896 2274 944 Horatius

1437 965 1544 1007 della
1559 966 1694 1007 Penna
1711 992 1726 1015 ‚
1755 966 1896 1006 Frater
1920 958 2102 1017 expresse
2132 954 2280 1014 profes-

1300 1027 1359 1067 sus
1384 1025 1546 1066 Ordinis
1573 1023 1782 1064 Minorum
1808 1024 1937 1066 Sanssl
1965 1017 2168 1064 Francisci
2192 1019 2278 1058 Ca·

1301 1084 1540 1140 pucinorum
1557 1093 1892 1136 nuncupatorum,
1908 1080 2036 1123 Nobis
2057 1090 2183 1132 nuper
2203 1087 2277 1116 ex-

1297 1141 1394 1197 poni
1420 1138 1542 1186 secit,
1558 1138 1741 1195 ipse,qui
1756 1140 1773 1194 (
1788 1150 1831 1182 ut
1847 1136 2012 1194 alserit)
2039 1139 2061 1178 «i
2083 1140 2273 1189 Congre-

1294 1200 1455 1256 gatione
1471 1198 1772 1240 Venerabilium
1803 1200 1984 1240 fratrum
2010 1194 2272 1238 nostrorum...

1293 1263 1334 1302 S.
1358 1259 1408 1298 R-
1430 1256 1773 1297 E.Cardinalinm
1800 1256 1970 1309 negotiis
2005 1250 2275 1308 propagandae

1301 1315 1411 1359 Fidei
1437 1313 1644 1370 praepofita
1675 1314 1714 1355 in
1731 1311 1957 1355 Praefeaum
1979 1314 2163 1353 Fratrum
2179 1309 2279 1351 Mis-

1298 1374 1561 1417 fionariorum
1582 1370 1757 1428 ejusdcm
1786 1371 1948 1414 Ordinis
1975 1370 2099 1411 Sacris
2115 1364 2277 1408 Missio·

1296 1434 1416 1477 nibus
1439 1433 1476 1473 in
1494 1434 1638 1487 Regno
1651 1431 1818 1474 Thibeti
1845 1443 2009 1485 operam
2038 1427 2276 1489 narrantium

1296 1493 1512 1546 deputatus
1542 1491 1743 1544 reperitur
1763 1518 1778 1541 ‚
1805 1491 1844 1531 in
1867 1489 2042 1543 quodam
2076 1489 2278 1528 Oratorio

1295 1549 1364 1592 sub
1382 1548 1640 1590 invocatione
1655 1549 1693 1590 S.
1708 1548 1842 1589 Mariae
1862 1546 2015 1591 Domus
2034 1548 2271 1589 Lauretanae

1296 1608 1471 1663 Hospitii
1487 1606 1667 1662 Bengalae
1683 1605 1981 1648 Sacrossnoum
1998 1602 2117 1644 Miffae
2141 1599 2274 1643 Sacri-

1295 1667 1430 1710 ficium
1448 1680 1524 1722 pro
1535 1665 1866 1710 christifidelium
1883 1661 2027 1705 ibidem
2040 1658 2286 1723 degentium

1294 1725 1588 1770 commoditate
1619 1723 1817 1768 celebrari
1849 1722 1980 1766 sacere
2010 1716 2115 1777 poffe
2139 1716 2275 1773 plun-

1297 1788 1403 1828 mum
1425 1782 1649 1826 desideret.
1674 1787 1759 1826 Nos
1778 1779 2077 1838 spiritualiejus
2092 1774 2279 1841 consola·

1295 1843 1400 1887 tioni
1420 1842 1458 1883 in
1481 1840 1683 1899 praemissis
1699 1839 1933 1898 opportune
1949 1836 2166 1893 providere
2182 1861 2196 1884 ,
2213 1833 2278 1877 dt-

1298 1905 1486 1955 (tumque
1519 1901 1735 1944 Horatium
1764 1899 1993 1954 specialibus
2022 1898 2100 1939 διε.
2133 1892 2279 1936 volen-

1298 1970 1390 2011 tes,
1405 1960 1444 2000 8ι
1459 1960 1478 2001 ὲ
1494 1959 1696 2015 quibusvis
1713 1960 1789 2001 &c-
1815 1956 2019 2002 censentes
2035 1984 2050 2006 ,
2076 1951 2277 2008 supplica-

1298 2018 1476 2062 tionibus
1490 2018 1573 2070 ejus
1590 2019 1753 2060 nomine
1769 2018 1845 2058 &c.
1873 2013 2087 2063 inclinati,
2101 2021 2147 2055 ut
2163 2037 2178 2059 ‚
2209 2024 2289 2050 ac·-

1298 2077 1472 2120 cedente
1499 2076 1689 2119 constnsu
1713 2076 1919 2118 Ordinarii
1935 2073 2032 2119 loci,
2051 2072 2088 2112 in
2107 2071 2271 2124 privato

1298 2133 1471 2188 Hospitii
1500 2134 1675 2187 praedie'ti
1704 2135 1898 2175 Oratorio
1923 2131 1972 2172 ad
1991 2132 2063 2172 hoc
2080 2129 2277 2170 decenter

1297 2205 1413 2235 muro
1430 2192 1617 2233 extruCIo
1634 2193 1672 2233 δι
1688 2201 1837 2232 ornato
1853 2218 1865 2238 ,
1891 2189 1958 2231 scu
1983 2185 2209 2230 extruendo
2234 2187 2276 2226 δι

1295 2249 1509 2297 ornando.
1537 2249 1585 2290 ab
1598 2250 1785 2292 omnibus
1812 2246 2039 2291 domesticis
2058 2245 2185 2287 usibus
2220 2242 2269 2285 li·

1296 2312 1416 2357 bero,
1435 2322 1507 2363 per
1523 2307 1784 2350 Ordinarium
1803 2308 1906 2363 prius
1921 2304 2124 2348 vifitando
2145 2304 2183 2344 δι
2208 2315 2277 2358 ap·-

1296 2368 1512 2426 probando
1539 2367 1837 2410 Sacrosanctum
1863 2367 1980 2410 Miffae
1995 2361 2244 2408 Sacrificium
2259 2388 2276 2412 ,

1295 2442 1366 2486 per
1380 2440 1664 2483 quemcunque
1690 2426 1950 2470 Sacerdotem
1970 2424 2018 2466 ab
2039 2421 2183 2464 eodem
2200 2421 2280 2461 Or-

1296 2487 1457 2531 dinatio
1471 2488 1738 2541 approbatum
1759 2485 1980 2529 saecularem
1995 2511 2009 2534 ‚
2028 2482 2091 2523 scu
2105 2510 2119 2532 ,
2133 2479 2184 2523 de
2199 2481 2280 2522 Su·

1296 2546 1501 2605 periorum
1518 2545 1674 2587 suorum
1696 2545 1883 2590 licentia,
1900 2542 2147 2596 Regularem
2163 2569 2178 2590 ,
2201 2537 2278 2581 fine

1299 2616 1436 2648 tamen
1470 2616 1814 2659 quorumcumque
1861 2601 2010 2656 jurium
2054 2597 2275 2640 Parochia·

1300 2664 1398 2707 lium
1414 2659 1641 2716 prejudicio
1653 2688 1668 2711 ‚
1686 2661 1723 2702 in
1739 2671 2088 2717 quorumcumque
2109 2653 2277 2698 Christi·

1303 2720 1506 2767 fidelium,
1520 2733 1622 2774 quos
1647 2720 1744 2762 inibi
1759 2715 1888 2762 adesse
1910 2714 2129 2772 contigerit
2144 2743 2160 2764 ,
2178 2725 2281 2769 prae-

1304 2781 1426 2824 sentia
1439 2777 1630 2821 celebrari
1657 2775 1789 2821 facere
1817 2777 1945 2819 libere
1967 2789 2010 2817 ac
2028 2772 2139 2816 licite
2155 2772 2281 2828 possit

1304 2843 1345 2883 δι
1359 2838 1491 2880 valeat
1502 2866 1515 2888 ,
1527 2838 1766 2881 auctoritate
1783 2834 2012 2892 Apostolica
2024 2841 2280 2886 tenoseprae-

1304 2899 1474 2942 sentium
1490 2894 1750 2942 concedimus
1774 2896 1814 2937 δι
1838 2894 2116 2948 indulgemus.
2150 2893 2278 2933 Non.»

1300 2955 1551 3004 obstantibus
1568 2954 1932 2998 Constitutionilms
1945 2954 1983 2994 δι
1997 2947 2279 2993 Ordinationi-

1302 3020 1372 3061 bus
1401 3014 1643 3071 Apostolicis
1665 3040 1680 3064 ‚
1699 3008 2170 3071 caterisque-contrariis
2190 3006 2283 3062 qui-

1301 3074 1548 3128 buscumque
1563 3103 1576 3115 .

1417 3136 1566 3175 Datum
1583 3134 1721 3175 Roma
1734 3132 1841 3187 apud
1862 3134 2047 3175 Sant‘tam
2076 3127 2280 3171 Mariam..

1301 3193 1503 3245 Maiorem
1535 3190 1603 3234 sub
1634 3190 1799 3235 Annulo
1833 3189 2048 3235 piscatoris
2077 3188 2146 3230 die
2188 3196 2283 3248 ¹¹¹:

1300 3252 1490 3296 octobris
1530 3263 1781 3294 noceant.
1826 3242 2095 3294 pontificatus
2140 3240 2280 3287 Nostri

1302 3314 1428 3356 Anno
1438 3310 1622 3366 Septimo
1637 3338 1650 3351 .

1362 3432 1423 3473 Ex
1459 3426 1575 3470 Arcb.
1594 3429 1738 3469 Secret.
1757 3430 1872 3470 Brev.
1896 3421 2030 3481 Apost.
2048 3425 2143 3478 ch.
2164 3414 2282 3474 mens-⁸

1422 3485 1472 3535 (5
1484 3488 1581 3528 anni
1587 3484 1760 3542 predisl.
2017 3526 2018 3529 ,

1826 3833 1890 3877 1.1
2127 3833 2227 3876 RE-
