2554 4230
463 308 713 394 Redeo
761 308 944 424 jam
1005 308 1118 394 ad
1170 336 1346 393 eam
1388 375 1409 405 ,
1470 306 1522 393 a
1581 338 1742 423 qua
1803 321 2147 403 nonnihil
2183 324 2304 413 de-

266 429 514 549 flexi,
572 422 907 537 instituti
963 430 1107 510 mei
1166 430 1380 512 viam
1420 492 1443 523 ‚
1503 426 1593 513 δέ)
1652 457 1826 514 cum
1873 429 2130 543 divsso
2169 436 2305 520 hu·-

271 544 413 664 jus
483 542 710 628 Tomi
768 544 1182 630 adumbret
1229 568 1377 630 tua
1433 548 1752 632 virtutis
1778 553 2311 663 partitionem,

258 662 407 780 seu
465 661 887 778 ‚analogum
932 686 1078 748 tua
1124 666 1292 748 vita
1339 683 1608 778 typum
1631 730 1653 761 ‚
1714 692 1924 767 cum,
1955 669 2312 780 inquam,

271 784 527 898 prima
572 773 777 896 pars
836 777 1201 866 exhibeat
1262 809 1358 866 ea
1390 848 1411 878 ‚
1471 780 1749 896 quibus
1809 782 2066 868 cultus
2126 809 2313 896 erga

282 899 565 985 Deum
593 898 977 1015 probatur
1011 968 1032 998 ,
1067 892 1422 1013 secunda
1480 903 1676 1014 pars
1738 900 2066 1016 explicet
2126 899 2265 984 illa
2290 966 2314 996 ,

279 1046 432 1132 que
513 1021 951 1103 animarum
1021 1014 1319 1103 lucrum
1388 1041 1855 1105 concernunt
1902 1084 1925 1120 ‚
1989 1047 2086 1104 ac
2165 1039 2316 1103 ter-

279 1138 403 1225 tia
484 1159 842 1234 memoret
921 1134 1304 1223 analec‘la'
1338 1137 2007 1222 Documentorum
2087 1135 2314 1222 Ordi-

281 1256 403 1338 nis
433 1320 454 1350 ,
519 1264 746 1369 cusas
805 1252 1198 1338 commoda
1259 1277 1426 1340 tam
1473 1250 1805 1369 sollicite
1863 1251 2315 1370 quaefiviffi‚

284 1372 657 1474 neminem
699 1368 882 1486 'fhre
932 1372 1304 1472 arbitror,
1366 1377 1500 1488 qui
1557 1371 1768 1459 illum
1830 1369 2012 1458 Tibi
2070 1369 2315 1456 dicari

286 1486 475 1580 mibi
508 1485 964 1605 succenfi’at
1014 1561 1036 1592 ,
1108 1519 1247 1578 nec
1335 1490 1521 1578 Tibi
1591 1494 1937 1580 dicatum
1976 1559 2000 1590 ,
2062 1490 2314 1575 mincis

290 1605 473 1692 Tibi
517 1607 1004 1724 placituram
1025 1678 1046 1709 ,
1109 1614 1353 1696 vereri
1411 1608 1643 1696 debeo
1671 1679 1688 1695 .
1940 1685 1942 1687 ,

372 1731 375 1733 ’
427 1723 655 1844 Qod
686 1750 976 1824 totum,
1012 1726 1100 1843 st
1119 1725 1427 1842 fabium
1471 1757 1622 1813 non
1663 1727 2075 1846 probaret,
2114 1752 2314 1808 com-

271 1841 588 1958 pelleret
624 1844 734 1929 ad
757 1845 844 1930 id
869 1844 1063 1942 alia,
1123 1875 1272 1960 que
1307 1844 1404 1931 de
1439 1849 1664 1934 trivio
1709 1875 1858 1933 non
1900 1845 2054 1940 eft',
2098 1842 2313 1928 illum

290 1958 473 2043 Tibi
489 1960 866 2073 sacrandi
903 1966 1135 2066 ratio.
1159 1964 1388 2072 Que?
1421 1966 1573 2048 Vir
1605 1966 1795 2061 Dei,
1832 1966 2315 2060 LAOEOENTI,

269 2072 504 2191 fuiffl
560 2107 719 2188 meg
785 2078 1187 2184 Provincie
1249 2076 1647 2186 Helvetice
1709 2075 2077 2164 Minister
2128 2076 2316 2160 Pro-

287 2193 632 2276 vincialis
670 2259 691 2289 ‚
727 2188 873 2305 seu
938 2192 972 2307 (
1032 2197 1149 2276 uti
1178 2215 1367 2278 tunc
1404 2191 1846 2307 consuetum
1902 2189 2122 2302 erat)
2181 2194 2317 2281 Vi-

286 2312 543 2393 carius
610 2308 1114 2395 Provincialis
1144 2378 1165 2407 ,
1225 2314 1302 2394 in
1363 2309 1726 2428 Capitulo
1772 2314 2115 2421 Lucerne
2151 2308 2314 2425 sub

275 2422 606 2544 prfstdio
691 2427 956 2512 Patris
1031 2428 1480 2544 Hieronymi
1550 2430 1602 2516 ci
1663 2431 1896 2519 Sorbo
1960 2427 2315 2513 Memfim·

290 2541 685 2631 Generalis
757 2574 961 2630 anno
1037 2549 1271 2657 1598.
1363 2547 1742 2634 celebrato
1813 2546 2066 2665 juxta
2131 2549 2318 2634 Pro-

288 2664 537 2772 vincie
588 2660 903 2748 tabulas
954 2661 1224 2776 absens
1266 2663 1537 2752 elebi'us
1560 2737 1581 2764 ,
1625 2667 1715 2754 δέ
1732 2662 2117 2781 subsequa
2176 2691 2314 2750 an-

287 2807 382 2865 no
448 2806 683 2890 1599.
739 2784 818 2864 in
877 2779 1235 2896 Capitulo
1299 2780 1654 2867 Generali
1728 2779 1975 2899 juxta
2033 2777 2312 2865 librum

283 2899 624 3014 primum
719 2898 1081 2983 Actorum
1156 2897 1721 3017 Capitularium
1812 2900 2157 2986 Romano
2233 2900 2312 2979 in

292 3011 633 3102 Archivo
711 3014 1177 3130 asservatum
1260 3049 1442 3130 pag.
1498 3046 1631 3125 73.
1712 3016 1764 3097 ἐι
1831 3038 2046 3127 terg.
2138 3040 2310 3097 con-

280 3130 711 3246 firmata&
785 3136 1004 3221 Sorte
1082 3135 1386 3249 quidem
1459 3130 1880 3250 personalis
1963 3135 2080 3221 tui
2157 3130 2312 3213 Gu-

293 3250 532 3336 bernii
576 3245 746 3362 frui
805 3250 1078 3335 datum
1137 3256 1206 3336 ei
1265 3281 1414 3336 non
1467 3255 1636 3366 suit
1686 3320 1707 3348 ,
1767 3278 1940 3336 cum
2002 3244 2312 3339 Ordinis

292 3368 598 3484 negotia
684 3364 794 3451 ad
863 3366 1143 3450 altiora
1211 3367 1327 3452 Te
1386 3369 1871 3482 dssraxerint
1930 3433 1952 3463 ‚
2039 3365 2314 3450 honore

295 3509 560 3570 tamen
625 3480 845 3597 faiie
920 3482 1284 3568 elebi'ionis
1347 3489 1678 3597 privata
1752 3510 1903 3566 non
1986 3503 2250 3569 manet
2288 3546 2310 3575 ,

292 3606 376 3685 vi
453 3598 680 3714 cujus
763 3598 888 3685 Tu
979 3600 1470 3685 Provinciam
1561 3604 1644 3683 in
1734 3623 1954 3686 tuam
2036 3595 2346 3687 filiam

2123 3743 2251 3800 ac-
