2496 4172
989 142 1420 265 Apostolica
1447 211 1461 228 .

207 293 360 349 plicare
375 321 387 335 .
419 294 545 355 Qod
566 294 589 336 fi
607 292 800 343 (munda,
826 295 866 341 8(
879 296 1096 341 ulteriores
1108 294 1183 336 ob-

206 354 374 401 lationes
426 367 474 395 ro
496 354 664 410 ejusdem
692 352 881 401 sacrificii
908 352 1180 414 applicatione

203 366 521 467 superafflgntur
531 443 547 464 ,
561 415 756 459 Sacerdos
765 441 781 466 ,
794 416 860 468 qui
875 429 940 459 eas
957 411 1153 468 receperit
1166 437 1181 461 s

202 468 358 526 semper
368 469 555 517 teneatur
567 485 731 516 monere
745 472 903 520 fideles
921 473 1179 529 posteriorc-a

204 529 299 571 loco
310 528 524 575 offerentes
535 559 549 585 ‚
559 530 610 576 de
621 530 707 574 aliis
720 529 992 574 oblationibus
1004 530 1054 574 ad
1068 541 1181 571 eum-

204 586 296 629 dem
311 586 428 633 finem
450 590 651 643 acceptis;
677 589 719 631 δι
734 589 801 631 nifi
820 588 937 632 iidem
955 589 1180 631 offerentes

204 647 325 689 unica
350 646 470 692 Miffae
493 640 772 692 celebratione
797 646 835 689 se
862 648 949 690 voti
967 654 1180 702 compotes

205 702 293 747 fore
307 703 517 750 declarent
529 733 546 759 ,
565 702 662 748 sciat
676 703 715 748 se
733 706 853 748 unico
869 704 1077 749 Sacrificio
1092 704 1179 758 pln-

202 764 305 806 rium'
326 763 523 814 voluntati
547 763 717 808 minime
745 761 1037 806 satisfacturum
1051 792 1062 804 .
1098 763 1181 803 Eo—

199 834 289 864 rum
308 823 405 864 vero
421 831 597 867 mentem
611 849 625 873 ,
652 822 720 877 qui
734 820 1037 878 proGacrificio
1061 822 1182 864 obtu-

198 878 364 928 lerunt,
394 881 641 940 nunquama
657 881 944 926 Sacerdotibus
970 879 1178 936 impletam

199 936 516 981 iri-declaramus
531 951 603 994 per
617 937 738 984 iblam
755 938 1020 995 adjefflonem
1050 939 1195 982 Parti·'

197 994 382 1039 cularum
397 1022 411 1045 ,
429 997 469 1039 δι
482 999 909 1042 commemorationem
921 1028 935 1051 ‚
953 1010 1039 1055 quc
1053 998 1091 1041 in
1111 999 1178 1039 Pa.

200 1053 262 1098 nis
276 1055 568 1111 preparatione
582 1065 675 1099 ante
691 1055 810 1100 uiffa
827 1056 1076 1100 Sacrificium
1090 1054 1178 1098 fieri

146 1159 148 1162 .
196 1111 299 1156 solet
313 1126 327 1156 ε
341 1127 434 1156 cum
445 1114 612 1157 omnino
628 1114 835 1160 necessaria
854 1114 899 1158 iit
912 1117 1063 1172 integra
1081 1127 1178 1156 con·

201 1170 452 1220 celebratio»,
483 1172 550 1214 nili
576 1172 628 1217 de
650 1174 888 1219 eorumdem
911 1173 1179 1219 offerentium

199 1228 413 1275 voluntate
424 1229 543 1277 aliter
559 1227 629 1276 fiat
641 1259 656 1276 0

319 1289 377 1333 Ut
392 1297 528 1332 autem
544 1288 565 1332 a
583 1287 867 1334 Sacerdotibus
882 1291 1027 1333 Graeco
1038 1314 1057 1321 -
1071 1287 1177 1331 Mel·

199 1345 370 1400 chirisin
386 1347 516 1390 Sacris
530 1346 730 1403 Mysteriis
747 1347 983 1404 peragendis
1009 1359 1082 1388 nna
1095 1373 1110 1396 ,
1136 1347 1174 1389 δι

197 1400 339 1446 eadem
361 1406 703 1450 coeremoniarum
721 1409 854 1457 ratio,
882 1406 1083 1462 iidemque
1102 1404 1175 1447 Ri-

194 1469 262 1505 tus
278 1458 487 1510 serventur
501 1490 515 1515 ,
543 1463 646 1507 &ne
660 1464 795 1523 aliqua
811 1462 948 1510 sensim
972 1464 1012 1508 in
1037 1464 1174 1508 iisdem

196 1519 365 1575 obrepat
380 1521 634 1575 difformitas,
649 1523 919 1568 mandavimus
933 1523 1040 1580 typis
1057 1526 1172 1565 Con·

192 1579 540 1684 ffiiltifflzsfiz,
557 1582 988 1693 {35323322115322
994 1579 1170 1684 22⁹3?

192 1696 320 1740 bricas
336 1698 519 1742 remotim
526 1712 585 1740 ma
598 1699 840 1756 antiquitate
853 1698 1171 1752 firmatas3quod2

192 1753 372 1798 absoluta
396 1755 572 1802 editione
595 1759 796 1800 sacrorum
813 1761 1028 1806 Librorum
1048 1759 1172 1800 Ritus

195 1813 360 1868 Coptid
373 1840 387 1863 ‚
409 1815 475 1873 qui
491 1814 561 1862 sub
573 1815 699 1875 prelo
712 1815 800 1860 siint
813 1846 830 1872 ,
853 1815 1089 1862 incessanter
1101 1817 1174 1859 im-

196 1870 302 1926 pleri
315 1873 544 1918 curabimus
558 1902 571 1915 .

313 1928 439 1986 Quod
459 1932 556 1975 vero
570 1934 713 1977 attinet
729 1933 780 1976 ad
798 1934 1075 1987 praedictorum
1091 1934 1174 1975 Ve-

195 1988 431 2030 nerabilium
451 1990 633 2032 Fratrum
648 2017 662 2040 ,
691 1989 935 2035 Patriarchae
952 1991 1173 2033 Antioche-

193 2046 235 2087 ni
251 2074 266 2096 ,
287 2047 325 2088 &
343 2045 1174 2104 Epist-opornmGraeco-MelchitarumJu-

194 2104 488 2158 risdidlionem,
513 2104 621 2158 cuius
648 2106 902 2153 conservatio
925 2119 1171 2162 magnopere

194 2162 322 2206 Nobis
336 2162 452 2207 cordi
467 2163 544 2209 effe
558 2168 680 2211 debet
696 2192 709 2213 ‚
736 2179 818 2207 non
835 2166 913 2209 fine
925 2176 1072 2219 magno
1084 2164 1171 2205 ani-

191 2221 248 2263 mi
263 2220 384 2265 noun·
405 2220 548 2265 dolore
562 2222 812 2274 accepimus,
848 2219 1056 2263 nonnullos
1078 2220 1170 2272 Epi-

191 2275 331 2331 (σοροῦ
347 2278 571 2320 Maronitas
585 2279 864 2334 prtdistorum
882 2277 965 2325 iura
983 2277 1053 2320 fibi
1075 2277 1168 2321 asse·

184 2344 322 2379 rentes
348 2333 386 2377 in
411 2334 576 2379 illorum
593 2336 772 2381 subditos
783 2336 1104 2397 Jurisdictionem
1123 2336 1166 2380 fi-

186 2394 228 2437 bi
242 2392 474 2449 neutiquam
487 2405 786 2450 competentem
813 2394 934 2452 saepe‚
961 2407 1005 2439 ut
1033 2394 1166 2439 afferi-

185 2463 253 2495 tur
265 2477 279 2498 ⁵
307 2450 522 2498 exercuisse
538 2482 553 2504 ‚
585 2453 834 2500 abfiilvendo
861 2468 933 2499 eos
945 2482 962 2506 ι,
987 2457 1053 2512 qui
1085 2457 1160 2497 Ec-

186 2510 410 2556 elefiasticis
427 2510 612 2556 Censuria
625 2514 648 2556 a
663 2516 835 2569 propriis
859 2514 1079 2559 Pastoribus
1105 2515 1165 2556 in·

186 2569 328 2612 nodati
351 2568 536 2624 fuerant3
563 2569 874 2627 dispensationes
886 2573 1161 2617 Matrimonia·

186 2628 242 2670 les
268 2628 530 2672 concedendo
548 2630 585 2670 in
603 2630 794 2685 gradibus
810 2658 823 2682 ,
847 2633 887 2673 δι
910 2630 1164 2673 circumstan-

188 2686 254 2729 tiis
269 2685 289 2726 ἰ
311 2687 473 2733 Ritibus
486 2689 642 2734 Graecis
656 2690 821 2734 minime
838 2688 1059 2746 permiffis3
1083 2686 1163 2729 dis-

186 2745 391 2802 pensando
413 2746 537 2789 etiam
553 2761 642 2791 cum
673 2749 877 2792 Monachis
893 2745 1165 2790 Groeco-Mel-

186 2804 304 2847 ebitis
330 2803 442 2862 super
458 2805 574 2848 Votis
601 2806 861 2863 Religionis3
893 2805 1068 2851 subditos
1093 2804 1164 2849 de·

186 2876 266 2918 que
286 2864 531 2906 Antioche-ni
555 2865 796 2909 Patriarchae
810 2867 859 2907 ad
876 2864 1164 2909 Maroniticum

188 2923 328 2964 Ritum
360 2920 678 2975 amplectendum
703 2923 822 2967 variis
852 2923 1003 2969 artibus
1035 2932 1164 2965 attra-

186 2977 321 3022 hendo
335 3008 347 3020 .
379 2981 481 3036 Qae
493 2980 656 3032 omnia,
682 2982 722 3023 δε
737 2981 884 3039 lingula
900 2983 924 3029 a
938 2982 1053 3026 dietis
1069 2979 1165 3036 Epi-

184 3036 341 3091 scopis,
368 3049 410 3079 ut
428 3037 585 3091 fertur,
614 3042 805 3093 perastaqr
827 3039 906 3096 jam
929 3054 1001 3097 per
1018 3042 1056 3082 se
1072 3038 1163 3083 nul·

183 3096 224 3139 la
237 3123 251 3146 2
275 3097 315 3141 ὃς
336 3095 547 3141 Pontificio
563 3125 577 3147 ‚
592 3098 884 3156 Canonicoque
896 3099 982 3155 jure
998 3098 1165 3144 damna-

185 3164 252 3204 ta,
272 3167 351 3204 ne,
381 3155 418 3196 in
442 3154 574 3199 alienae
587 3157 876 3213 Jurisdietionis
890 3158 1165 3214 perturbatio-

184 3227 308 3266 nem,
334 3214 376 3259 ὰ
399 3214 669 3268 simultatum,
699 3231 745 3260 ac
770 3215 1063 3263 discordiarum
1098 3213 1163 3256 fo·-

185 3282 365 3319 mentum
386 3301 400 3328 ,
431 3274 579 3320 iterum
611 3275 798 3318 renovari
823 3276 1034 3333 contingat
1051 3303 1066 3325 ‚
1095 3271 1160 3315 su-

184 3345 297 3431 ¹:235?
295 3329 806 3445 {322⁰}“31l2‘2‘ss‘52⁵ss“⁸
823 3332 1160 3448 fflssfffifflffi

776 3418 790 3441 1

1996 192 2151 278 133

1242 291 1409 347 cipimus
1424 317 1438 339 s
1467 298 1512 333 ut
1526 292 1576 333 ab
1594 293 1819 348 hujusmodi
1835 298 2088 353 imposterum
2104 311 2219 352 abstia

1239 361 1389 402 neant3
1414 350 1641 394 inhibentes
1657 364 1846 405 praeterea
1860 380 1874 402 ‚
1898 371 1943 397 nc
1957 373 2214 416 quocumque

1240 418 1434 465 praetextu
1458 436 1472 457 ,
1502 421 1568 451 aut
1597 412 1768 452 obtentu
1801 414 1917 453 rebus
1948 415 2217 468 spiritualibus

1240 466 1426 510 Nationis
1448 468 1598 510 Graeco
1613 494 1632 503 ψ
1650 470 1935 511 Melchitarum
1959 472 1997 512 in
2024 474 2070 514 iis
2092 501 2103 520 ,
2134 490 2218 529 quae

1242 529 1412 581 spectant
1441 525 1491 566 ad
1513 525 1825 580 jurisdictionem
1841 530 1908 575 ,δι
1934 530 2217 574 auctoritatem

1239 584 1347 629 illius
1387 584 1627 630 Patriarchae
1651 611 1666 634 ‚
1710 586 2003 641 Episcoporum
2024 616 2038 638 ‚
2070 590 2108 629 &
2138 591 2215 630 Pa-

1238 644 1466 686 rochan-um
1487 671 1501 694 ‚
1531 642 1570 685 se
1600 645 1782 698 ingerere
1811 645 1985 689 audeant
2004 675 2018 698 ‚
2045 657 2116 687 aut
2148 660 2222 688 eo-

1239 715 1333 744 rum
1359 698 1527 745 subditis
1553 705 1761 748 transitum
1783 705 1807 749 a
1835 705 1983 748 Graeco
2006 704 2056 747 ad
2082 705 2216 747 Maro.

1239 760 1407 804 niticum
1437 759 1576 804 Ritum
1594 761 1786 813 suadere,
1814 762 1876 806 vel
1902 763 2082 820 eos,qui
2098 761 2218 817 spon·

1242 818 1286 861 te
1315 818 1482 865 transire
1517 819 1700 870 vellent,
1731 820 1799 864 nifi
1827 821 1935 864 forte
1963 821 2172 877 peculiaris
2198 821 2219 862 ὶ

1239 879 1430 921 Romano
1472 876 1667 925 pontifice
1714 880 1877 925 licentia
1921 880 2220 934 interveniret,

1239 946 1456 992 acceptare
1484 938 1743 994 praesumant.

1355 997 1408 1039 Et
1437 996 1624 1052 quoniam
1652 996 1928 1041 intelleximus
1966 992 2216 1053 sepedictum

1239 1054 1512 1099 Patriarcham
1543 1054 1850 1099 Antiochenum
1874 1085 1892 1108 ,
1934 1057 2051 1112 eique
2090 1057 2216 1112 subje-

1238 1113 1323 1155 &os
1353 1110 1603 1169 Episcopos,
1628 1115 1791 1166 vereri,
1816 1129 1870 1159 ne
1894 1114 2220 1160 MiffionariiLa-

1241 1171 1315 1213 tini
1325 1166 1347 1220 ‘,
1371 1183 1471 1225 quos
1487 1171 1525 1212 in
1550 1171 1783 1216 eorumdem
1810 1173 2061 1230 adjutorium
2076 1202 2092 1224 ,
2107 1174 2148 1218 δι
2164 1173 2218 1216 le-

1240 1241 1382 1271 vamen
1410 1228 1640 1286 Apostolica
1669 1230 1793 1273 Sedes
1834 1232 1876 1275 in
1920 1244 1988 1274 eas
2032 1234 2217 1289 regiones

1239 1290 1431 1338 mittere,
1461 1300 1535 1329 nec
1565 1289 1645 1330 fine
1669 1291 1782 1343 gravi
1813 1289 2077 1334 incommodo
2095 1316 2111 1339 ‚
2131 1303 2220 1333 ma-

1237 1343 1403 1402 gnisque
1431 1343 1749 1399 sumptibusillic
1778 1345 2021 1394 substentare
2047 1346 2215 1392 consue-

1237 1406 1297 1447 vit
1313 1432 1327 1456 ,
1349 1404 1505 1447 utendo
1530 1403 1787 1450 facultatibus
1817 1407 1886 1449 libi
1911 1407 2100 1451 concertis
2113 1438 2130 1459 ,
2145 1421 2214 1449 eo-

1235 1476 1324 1505 rum
1349 1461 1609 1518 jurisdictioni
1634 1464 1908 1519 praejudicium
1936 1463 2144 1516 inserant,
2176 1466 2219 1510 δι

1231 1533 1441 1565 numerum
1460 1519 1709 1565 subditorum
1731 1524 1998 1577 imminuant3
2031 1523 2216 1567 volentes

1231 1580 1351 1623 etiam
1380 1579 1417 1621 in
1447 1579 1522 1622 hac
1552 1591 1667 1635 parte
1697 1582 1928 1627 eorumdem
1957 1580 2212 1625 indemnitati

1231 1635 1440 1681 consulere
1463 1664 1478 1688 ,
1517 1651 1563 1679 ac
1597 1636 1728 1682 libero
1787 1641 1930 1697 roprioe
1963 1639 2215 1684 austoritatis

1234 1696 1425 1740 exercitio
1453 1694 1680 1751 prospicere
1697 1723 1709 1745 ‚
1779 1700 1952 1743 aruimus
1979 1699 2112 1754 primo
2130 1726 2144 1750 s
2173 1700 2215 1742 dt

1233 1755 1482 1799 declaramus
1499 1782 1514 1805 ,
1541 1754 1670 1800 licere
1699 1758 1984 1802 tantummodo
1999 1757 2215 1808 fratribus

1233 1814 1405 1855 Ordinis
1422 1814 1628 1859 Minorum
1642 1816 1773 1857 sanai
1791 1814 1989 1860 francisci
2010 1814 2213 1860 Custodia

1237 1875 1374 1919 Terrae
1393 1872 1542 1915 Sancte
1559 1873 1808 1916 Parochialia
1824 1877 1954 1919 munia
1972 1875 2089 1918 obire
2103 1878 2211 1918 circa

1235 1934 1401 1976 Grecos
1425 1929 1670 1983 Melchitas‚
1700 1931 1831 1988 eisque
1853 1935 2108 1977 Sacramenta
2137 1932 2213 1976 ad·

1234 1989 1458 2031 ministrare
1473 1988 1512 2030 in
1531 1985 1577 2030 iis
1594 1988 1782 2033 locorum
1795 2019 1808 2041 ,
1831 1992 1871 2033 δι
1886 2003 2116 2045 temporum
2133 1991 2214 2033 cir-

1234 2046 1480 2091 cumstantiis
1495 2073 1509 2097 ,
1534 2048 1681 2103 quibus
1706 2051 1873 2093 omnino
1890 2048 2051 2094 deficiat
2065 2048 2210 2092 modus

1233 2105 1405 2148 habendi
1424 2106 1647 2148 Parocnum
1662 2133 1674 2153 ‚
1701 2116 1769 2149 aut
1796 2107 1916 2149 alium
1938 2109 2210 2152 antistitem..

1230 2162 1364 2205 Graeci
1380 2158 1526 2203 Ritus:
1557 2166 1658 2221 Quo
1678 2162 1770 2208 casu
1795 2165 1967 2220 praedi&
1981 2168 2144 2210 Fratres
2166 2180 2210 2208 e-

1230 2218 1477 2262 molumenta
1500 2218 1685 2275 legitimo
1699 2220 1783 2274 jure
1795 2224 1932 2266 debita
1948 2226 2210 2280 percipere-³

1228 2276 1341 2320 licite
1361 2277 1520 2319 valeant
1538 2306 1551 2329 ,
1579 2279 1617 2321 δι
1642 2278 1944 2334 ajurisdictiene
1960 2281 2209 2326 Antiocheni

1228 2337 1473 2382 Patriarchae
1489 2336 1721 2384 nullatenus
1739 2340 1805 2395 ipli
1823 2340 2106 2396 dependeant3
2137 2338 2208 2383 sed

1228 2395 1320 2439 huic
1336 2395 1548 2439 dumtaxat
1565 2399 1717 2452 petenti
1730 2410 1944 2443 teneantur
1961 2400 2119 2457 lingulis
2134 2413 2209 2442 an-

1225 2455 1288 2497 nis
1303 2454 1481 2495 notulam
1501 2456 1662 2501 tradere
1683 2459 1917 2503 Animarum
1931 2461 2063 2506 Greci
2084 2456 2206 2503 Ritus

1227 2512 1265 2555 in
1282 2525 1328 2554 ea
1342 2514 1527 2555 Civitate
1539 2540 1554 2563 ‚
1586 2515 1649 2556 seu
1666 2515 1761 2560 loco
1775 2516 2031 2564 existentium
2046 2546 2059 2568 ,
2083 2528 2206 2572 utpo-

1225 2581 1266 2613 te
1279 2584 1364 2626 quoe
1383 2573 1421 2613 in
1438 2571 1601 2628 reliquis
1628 2574 1759 2618 eidem
1777 2578 2016 2620 Patriarche
2038 2577 2205 2620 omnino

1225 2627 1372 2673 subefl'e
1383 2630 1663 2685 intelligantur
1677 2661 1689 2673 .
1722 2636 1853 2677 Curet
1868 2646 2003 2678 autem
2018 2633 2197 2676 Patriar-

1223 2686 1298 2730 cha
1326 2700 1403 2742 pro
1429 2685 1485 2727 sui
1516 2689 1695 2732 muneris
1726 2690 2015 2744 implemento,
2045 2702 2089 2732 ut
2115 2689 2203 2731 ubi-

1225 2757 1399 2798 cumque
1412 2758 1513 2794 opus
1530 2745 1676 2794 suerit,
1704 2748 1913 2792 Catholici
1933 2748 2107 2791 Parochi
2130 2761 2201 2789 co-

1225 2803 1289 2859 pia
1308 2802 1487 2857 suppetat
1504 2829 1518 2851 ,
1542 2803 1563 2842 i
1578 2818 1657 2859 quo
1675 2804 1826 2858 praefati
1845 2805 2200 2852 Graeci-Melchitae

1225 2866 1481 2907 Sacramenta
1496 2862 1640 2906 Graeco
1658 2863 1759 2908 Ritu
1772 2865 1953 2920 recipere
1969 2874 2117 2922 queant
2131 2890 2142 2906 Q

1330 2922 1638 2965 Sacramentum
1670 2923 1766 2965 vero
1811 2923 2140 2967 Confirmationis
2170 2922 2192 2964 a

1224 2982 1345 3024 Patre
1362 2978 1600 3023 Guardiano
1627 2981 1759 3024 Terrae
1780 2986 1930 3027 saneta
1955 2984 1994 3026 in
2017 2984 2197 3024 Ciuitate

1224 3036 1594 3092 Hierosolymitana
1612 3066 1625 3089 ‚
1650 3040 1692 3082 δι
1717 3041 1755 3082 in
1782 3042 1828 3083 iis
1855 3042 1982 3093 locis,
2009 3042 2076 3084 ubi
2105 3040 2198 3095 Epi·

1224 3098 1363 3152 scopus
1382 3099 1547 3139 Graecus
1562 3097 1802 3144 Catholicus
1823 3099 1913 3156 jure
1932 3101 2030 3152 suo,
2060 3101 2098 3142 &
2122 3102 2195 3141 in..-

1223 3156 1385 3211 propria
1403 3154 1577 3199 Dioeceli
1594 3169 1672 3198 non
1691 3157 1863 3203 refideat
1876 3188 1892 3211 ‚
1921 3158 2094 3204 conferri
2113 3156 2198 3214 poi:

1223 3213 1350 3272 titstaeb
1363 3213 1574 3257 conditIone
1587 3217 1738 3259 Graecis
1758 3218 1780 3259 a=
1794 3217 1961 3272 simplici
1975 3219 2195 3260 Sacerdote

1221 3271 1462 3318 confirmatis
1475 3302 1492 3324 ,
1519 3287 1565 3314 ac
1578 3270 1720 3328 sponte
1736 3276 1786 3318 ab
1799 3276 1945 3319 eodem
1962 3274 2195 3317 confirmari

1221 3331 1476 3383 petentibus.
1509 3333 1591 3376 Ubi
1610 3335 1705 3375 vero
1733 3333 1778 3376 fit
1801 3334 2023 3391 Episcopus
2037 3334 2192 3375 Catho-

1219 3390 1318 3434 licus
1335 3389 1506 3435 refidens
1520 3418 1534 3442 ,
1556 3389 1777 3446 hujusmodi
1791 3395 2093 3437 Sacramentum
2111 3403 2191 3433 non

187 3446 478 3498 Succefforibus
495 3480 508 3502 ,
539 3451 576 3495 in
596 3448 770 3496 Ecclesia
788 3449 1000 3492 Catholica
1016 3448 1157 3490 tribuit
1215 3446 1423 3497 conferat,
1452 3449 1592 3493 nilide
1617 3449 1791 3502 ejusdem
1814 3447 2001 3506 Episcopi
2027 3447 2190 3497 consen·

184 3506 380 3561 potestate
393 3538 405 3558 ,
417 3510 603 3554 omnibus
617 3539 630 3561 ,
644 3512 684 3553 δι
698 3509 852 3563 lingulis
864 3507 1156 3551 Maronitarum
1213 3504 1253 3550 su
1267 3522 1283 3554 3
1313 3521 1362 3548 eo
1375 3516 1511 3550 autem
1530 3505 1783 3552 dissentiente
1798 3536 1814 3556 ,
1839 3506 2060 3562 abstineat.

185 3563 393 3630 Episcopis
407 3595 421 3618 ,
447 3568 594 3625 ipsique
614 3569 855 3612 patriarchae
871 3566 1054 3612 Nationis
1071 3567 1158 3606 Ma-

1332 3567 1526 3610 Praeterca
1539 3565 1724 3608 omnibus
1739 3593 1752 3616 ,
1779 3566 1816 3609 8(
1832 3564 1994 3620 lingulis
2011 3565 2187 3610 Melchi-

186 3634 441 3676 roniiarum,
464 3640 685 3687 eorumque
700 3623 997 3671 Succefforibus
1012 3623 1053 3665 in
1072 3635 1157 3677 per.
1216 3622 1269 3667 tis
1297 3622 1521 3668 Catholicis
1549 3625 1734 3667 Graecum
1765 3624 1908 3667 Ritum
1939 3622 2186 3670 servantibus

186 3694 347 3736 petuum
363 3712 377 3734 ,
402 3684 440 3727 in
457 3685 605 3729 virtute
623 3686 756 3730 studiat
770 3684 1009 3730 obedientie
1021 3711 1035 3733 ,
1060 3694 1158 3736 qua·

186 3750 300 3782 tenus
317 3745 445 3786 Nobis
459 3744 635 3798 expolita
651 3747 820 3788 veritate
836 3745 1014 3787 nitantur
1030 3770 1043 3794 ³
1070 3752 1160 3796 prae-

1217 3682 1267 3726 ad
1283 3683 1469 3727 Latinum
1486 3681 1641 3723 Ritmm
1655 3680 1816 3727 transire
1829 3682 2017 3740 deinceps
2031 3683 2186 3739 expres·

1218 3739 1262 3782 se
1283 3751 1460 3784 vetamus
1476 3765 1487 3779 ·
1519 3738 1767 3783 Miffionariis
1790 3742 1888 3784 vero
1908 3742 2182 3844 omnabu‘spdi-

2031 3816 2085 3844 ΙΊι
2103 3816 2127 3843 e
