2496 4172
1005 128 1440 244 Apostolica
1466 192 1481 208 .

258 276 395 314 nentes
410 268 507 326 ipsits
526 274 729 329 presentes
745 271 901 315 litteras
915 273 1064 331 semper
1077 274 1226 322 firmas,

259 328 408 371 validas
422 355 435 378 ,
451 330 490 370 &
504 331 680 376 efficaces
693 332 858 374 existere
874 333 910 373 &
928 331 1017 378 fore
1029 360 1044 382 ,
1060 331 1224 388 suosque

257 387 453 442 plenarios
469 390 508 430 δι
526 389 702 446 integros
722 388 879 432 effeetus
896 390 1027 434 sortiri
1040 392 1219 444 ,διοικί-

257 458 352 488 nere
366 476 380 497 ,
396 460 551 489 necnon
568 449 830 504 subreptionis
846 475 860 498 ‚
877 449 941 490 vel
955 451 1222 507 obreptionis,

254 513 324 546 aut
338 504 536 548 nullitatis
561 510 661 550 vitio
675 536 689 558 ,
720 508 784 550 seu
800 509 1033 551 intentionis
1054 507 1190 551 nostrae
1206 534 1220 558 ,

254 573 322 605 aut
336 563 516 607 interesse
533 567 785 616 habentium,
816 565 879 609 seu
894 566 1039 610 habere
1057 577 1222 622 praeten-

171 629 173 631 ·
256 620 435 664 dentium
452 623 684 676 consensfis,
706 623 838 667 aliove
862 626 1045 678 quolibet
1069 626 1222 668 etiam,

258 683 510 735 quantumvis
526 696 695 740 magno,
708 683 749 724 δι
765 680 1034 731 substantiali,
1053 697 1100 726 ac
1121 682 1222 724 indi·

255 738 413 781 viduam
426 740 705 797 expreffionem
732 741 962 796 requirente
982 738 1138 784 defectu
1157 754 1223 781 no-

255 798 333 838 t'sri
348 824 361 847 ,
376 798 620 853 impugnari,
632 796 794 854 infringi
807 828 822 850 ‚
850 800 1055 842 retractari
1070 828 1084 852 ‚
1096 810 1165 841 aut
1183 798 1222 840 in

253 855 565 899 controverfiam
589 859 750 910 vocari,
765 855 828 899 seu
843 857 894 900 sd
913 858 1107 901 terminos
1125 858 1222 912 juris

251 912 388 955 reduci
406 913 491 956 uilo
501 915 628 959 modo
642 914 747 970 polle
758 928 776 968 3
789 916 935 972 Sieque
949 917 990 958 δι
1010 930 1089 959 non
1105 916 1223 959 aliter

250 970 291 1014 in
308 971 499 1025 praemiffis
515 986 587 1025 per
598 973 869 1031 quoscumque
881 976 1042 1032 Judices
1055 976 1221 1018 ordina-

252 1029 334 1072 rios
348 1056 362 1080 ,
376 1029 419 1071 δι
435 1030 679 1086 Delegatos,
704 1034 826 1075 etiam
845 1032 1050 1076 causarum
1079 1032 1222 1075 Palatii

251 1086 472 1142 Apostolici
498 1091 719 1134 Auditor-es
735 1119 749 1143 ‚
776 1105 822 1134 ac
848 1093 888 1134 S.
906 1093 958 1133 R.
975 1094 1023 1134 E.
1053 1090 1222 1148 praefata

251 1144 506 1201 cardinales,
515 1149 638 1191 etiam
651 1149 702 1192 de
715 1148 843 1194 latere
859 1152 1095 1205 Legatos,&
1111 1153 1223 1205 Apo·

251 1203 396 1247 notice
410 1207 523 1248 Sedis
539 1208 734 1257 Nuncios‚
744 1208 892 1253 aliosve
907 1207 1109 1264 quoslibet
1122 1222 1217 1265 qua·

253 1275 424 1319 eumque
444 1266 736 1319 praeminentia
749 1292 765 1317 ,
778 1268 818 1310 δι
836 1267 1031 1322 potestate
1048 1265 1219 1322 fongen·

249 1328 311 1363 tes
321 1322 391 1385 ,fs
411 1322 613 1366 functum:
627 1349 642 1372 ,
654 1323 804 1367 sublata
817 1324 872 1369 eis
893 1327 935 1368 δι
949 1337 1089 1368 eorum
1106 1324 1218 1367 cuili-

248 1377 316 1421 bet
329 1379 469 1433 quavis
483 1379 602 1423 aliter
619 1380 820 1434 judicandi
835 1411 851 1435 ,
873 1386 911 1427 δι
928 1382 1219 1438 interpretandi

248 1434 473 1487 facultate,
490 1438 780 1486 &auctoritate
806 1440 973 1496 judicari
993 1443 1035 1484 δι
1059 1439 1219 1484 definiri

246 1493 424 1542 debere:
445 1509 490 1538 ae
514 1495 675 1542 irritum
699 1498 742 1540 δι
770 1499 912 1551 inane,
934 1501 958 1543 fi
977 1499 1087 1544 secus
1104 1498 1220 1555 super

246 1553 310 1595 liis
323 1552 557 1611 iquoquam
572 1583 586 1608 ‚
599 1558 736 1612 quavis
763 1560 1005 1603 auctoritate
1021 1558 1190 1603 scienter
1204 1583 1220 1607 ‚

245 1609 313 1655 vel
331 1610 559 1667 ignoranter
570 1615 791 1675 eontigerit
805 1618 999 1661 attentari
1011 1645 1022 1656 ·
1041 1621 1134 1661 Nou
1148 1619 1222 1660 ob·

244 1669 438 1714 stantibus
473 1672 714 1727 Apostolieis
726 1701 741 1725 ,
769 1689 817 1720 ac
841 1680 881 1718 in
906 1676 1192 1720 universalibus
1206 1701 1221 1723 2

246 1729 642 1788 provincialibusque
667 1734 991 1792 &synodalibus
1009 1735 1221 1782 Conciliis,

245 1787 367 1830 editis
383 1789 639 1843 generalibus
653 1820 671 1843 ,
685 1795 747 1837 vei
761 1792 998 1847 specialibus
1013 1793 1217 1836 Constitu·

248 1846 427 1889 sionibus
441 1873 463 1898 ,¹
486 1849 526 1891 δι
538 1849 871 1896 Ordinationibus
886 1881 899 1903 ,
929 1866 1089 1896 necnon
1119 1865 1221 1907 quo·

247 1914 511 1960 tumentisque
541 1909 742 1951 Ordinum
773 1914 1192 1966 „Congiegationum
1205 1937 1222 1960 ,

242 1961 529 2006 ,lustitutorum
562 1991 576 2016 ,
603 1965 645 2007 ec
675 1970 924 2010 societatum
942 1993 956 2015 ,
973 1970 1091 2010 etiam
1103 1967 1192 2023 jesu
1207 1993 1222 2018 ,

249 2018 736 2075 aliisr'etquibusvis,etiam
750 2023 994 2079 juramento,
1010 2025 1222 2068 confirma·

248 2077 360 2122 tione
375 2079 606 2135 Apostolica
620 2110 634 2134 ,
662 2083 725 2125 vel
739 2085 878 2139 quavis
907 2082 1097 2127 firmitate
1111 2084 1220 2124 alia..

247 2138 617 2184 roboratis-statutis
632 2165 646 2189 ‚
659 2141 699 2182 Bt
714 2142 1083 2188 conlues'udinibus‚
1097 2141 1218 2180 etiam

245 2191 660 2248 immemorabilibiis,
675 2197 894 2251 privilegiis
908 2208 1067 2251 quoque
1084 2194 1214 2237 indul-

246 2251 326 2302 tis,
349 2253 391 2294 ὰ
411 2251 560 2294 litteris
582 2253 828 2307 apostolicis
851 2251 1026 2308 prefatis
1048 2252 1215 2296 Ordini-

246 2309 319 2352 bus
333 2334 348 2359 ,
377 2309 786 2366 congregationibus,
802 2310 1058 2360 institutis&
1077 2312 1214 2356 nocie-

240 2366 410 2419 ratibus,
425 2368 545 2411 etiam
560 2368 905 2426 leni,illorumque
915 2371 1212 2426 Superioribus,

169 2441 175 2454 ’
237 2424 495 2482 &personis,
525 2425 663 2471 aliisve
692 2427 939 2486 quibuslibet
970 2429 1040 2472 sub
1054 2430 1211 2485 quibus·

241 2497 413 2539 cumque
429 2485 644 2530 verborum
659 2487 867 2530 tenoribus
878 2517 894 2539 ,
906 2490 947 2531 δι
958 2486 1100 2531 formis
1117 2517 1134 2539 ,
1161 2500 1206 2529 ac

241 2542 552 2599 euinquibusvis
572 2544 1064 2602 etiam-derogatoriarum
1089 2547 1208 2588 dero-

242 2602 408 2658 gatoriis
419 2629 435 2653 ‚
448 2601 608 2659 aliisque
621 2602 909 2646 efficacioribus
935 2606 974 2647 &
987 2603 1202 2649 efficaciffi·

241 2661 401 2711 πῶμα
419 2660 589 2704 insolitis
603 2660 788 2704 clausulis
806 2691 821 2712 ,
853 2662 1179 2718 irritantibusque
1193 2687 1208 2710 ‚

239 2717 380 2761 &aliis
398 2721 579 2764 Decretis
595 2721 635 2763 in
653 2734 796 2777 genere
819 2722 880 2763 rel
909 2722 945 2764 in
962 2720 1114 2777 specie,
1146 2719 1210 2763 seu

239 2775 336 2820 eliis
351 2778 658 2833 quomodolibet
675 2779 712 2820 in
727 2781 979 2823 contrarium
1004 2777 1210 2836 praemiss'o-

241 2849 329 2877 ruin
342 2836 531 2879 conceffis
542 2864 557 2884 ‚
587 2852 634 2879 ac
649 2837 770 2880 etiam
786 2836 934 2891 pluries
955 2866 970 2887 ‚
998 2836 1212 2882 confirma·-

241 2891 320 2940 tis,
336 2895 596 2949 approbatis,
608 2895 859 2946 &innovatis
878 2927 890 2939 .
907 2898 1064 2954 Qiibus
1081 2897 1211 2938 omni-

241 2951 315 2992 bus
339 2952 375 2992 8ι
393 2951 568 3007 lingulis,
587 2954 734 2996 eriamfi
749 2955 997 3009 proillorum
1014 2953 1210 2999 sufficicn-

241 3008 557 3064 rissderogaiione
573 3012 625 3054 de
639 3011 719 3054 illis
729 3039 743 3061 ,
756 3026 976 3070 eorumque
990 3016 1083 3056 toris
1095 3024 1210 3056 teno-

240 3067 352 3112 ribus
367 3067 543 3124 specialis
557 3097 571 3120 ,
587 3068 765 3124 specifica
778 3099 793 3123 ,
807 3073 847 3115 ee
859 3071 1034 3129 esprell'a
1047 3099 1063 3122 ι,
1075 3088 1120 3115 sc
1145 3073 1208 3113 in-

243 3125 410 3170 dividua
424 3157 438 3179 ,
452 3128 491 3170 ὅτ
504 3127 555 3170 de
571 3129 696 3172 verbo
708 3130 757 3174 ad
774 3132 939 3174 verbum
951 3161 966 3183 ,
978 3147 1057 3175 non
1072 3141 1208 3174 autem

240 3197 313 3242 per
343 3186 536 3230 clausulas
569 3187 772 3242 generales
802 3189 910 3232 idem
942 3191 1210 3244 imponantes

239 3244 422 3294 mentio„
434 3244 499 3288 seu
515 3247 658 3301 quasvis
685 3246 763 3289 alia
777 3247 971 3299 expreffio
1005 3248 1186 3290 habenda
1197 3276 1212 3300 ,

243 3311 313 3345 sut
338 3304 470 3359 aliqua
496 3305 572 3346 alia
599 3306 790 3362 exquifita
809 3304 940 3348 forms
967 3306 1016 3348 ad
1042 3309 1114 3348 hoc
1133 3305 1209 3348 ser-

246 3360 377 3403 vanda·
399 3361 503 3405 soret
517 3389 530 3411 a
548 3373 710 3406 tenores
739 3363 989 3419 hujusmodi,
1005 3378 1050 3407 ac
1073 3364 1096 3406 fi
1117 3365 1209 3409 dea

246 3419 372 3462 serbo
381 3421 431 3463 ad
450 3421 730 3469 verbummihil
748 3421 902 3477 penitus
915 3420 1065 3471 omiffo,
1080 3424 1117 3464 δι
1132 3422 1211 3464 sor-

246 3487 309 3517 rm
329 3476 463 3523 inlinis
479 3482 623 3524 tradita
638 3480 847 3523 observata
876 3481 1210 3535 exprimerentur,

244 3533 581 3589 &instruerentun
597 3540 855 3595 prasentibus
878 3553 951 3596 pro
978 3537 1094 3593 plene
1121 3568 1136 3589 ,
1167 3540 1208 3580 St

243 3590 487 3639 sufficienter
505 3598 687 3653 expreffis
707 3628 722 3651 ,
750 3601 789 3640 &
813 3598 964 3642 insertis
992 3599 1206 3644 habentes,

2022 179 2184 260 117

1286 274 1443 315 cialiter
1463 273 1503 313 &
1525 272 1707 325 expresse
1729 274 1997 331 derogamus,
2019 292 2247 344 caeterisque

1284 332 1498 375 contrariis
1512 331 1845 386 quibuscumque.
1865 336 2057 378 Volumus
2081 355 2245 393 autem„

1283 402 1327 432 ut
1363 385 1590 432 earumdem
1618 390 1861 443 praesentium
1891 391 2111 436 litterarum
2137 412 2247 443 tran.

1281 449 1461 502 sumptis,
1474 446 1537 488 seu
1556 448 1770 502 exemplis,
1786 450 1908 491 etiam
1923 452 2110 503 impreffis
2124 483 2139 504 ,
2169 471 2250 500 m..

1281 521 1333 549 nu
1358 504 1520 558 alicujus
1540 508 1698 548 Notarii
1716 507 1864 562 publici
1879 506 2102 562 subscriptis
2121 539 2135 561 ,
2148 514 2187 553 δι
2205 514 2251 554 fi.

1283 565 1385 622 gillo
1401 562 1571 619 personae
1587 566 1625 606 in
1643 566 1913 608 Ecclefiastica
1929 566 2126 620 dignitate
2157 584 2251 610 con-

1284 626 1427 666 llitutae
1444 625 1607 666 munitis
1621 650 1633 670 ‚
1645 625 1782 667 eadem
1809 624 1966 679 prorsus
1982 623 2078 666 fides
2095 627 2130 665 in
2148 626 2251 679 judi.

1283 685 1350 724 cio
1364 709 1379 733 ,
1393 682 1433 722 δι
1454 692 1567 723 extra
1588 682 1686 724 illud
1716 684 1939 733 habeatur,
1969 697 2054 738 quae
2085 684 2252 726 liabere-

1283 752 1350 782 tur
1364 739 1452 839 ipsfis
1468 740 1721 796 presentibus
1736 768 1752 792 ,
1768 743 1795 783 si
1812 741 1945 785 forent
1963 742 2169 795 exhibitae,
2187 743 2249 785 vel

1282 798 1389 842 osten
1408 812 1437 840 ε
1454 825 1466 840 .

1399 858 1548 901 Datum
1565 860 1696 914 Roire
1718 858 1820 911 apud
1839 859 2017 900 sanciam
2045 860 2247 902 Mariam...

1284 914 1482 972 Maiorem
1499 917 1567 959 sub
1583 918 1745 962 Annulo
1760 917 1968 960 piscatoris
1978 918 2045 959 die
2061 931 2080 955 v
2093 918 2250 971 1.Apri-

1282 975 1330 1017 lis
1363 990 1559 1020 noemi
1574 990 1588 1018 1
1603 989 1635 1018 ι.
1668 974 1926 1020 Pontificati‘is
1968 976 2090 1021 nostri
2130 980 2249 1020 Anno

1282 1034 1445 1077 Tertio.
2013 1067 2015 1069 .

1392 1094 1497 1135 Ball.
1514 1096 1623 1135 Rom.
1640 1102 1986 1150 tom.7.pag.212.

1279 1169 1452 1187 -.-

1279 1272 1405 1323 Tum
1425 1267 1480 1317 ab
1498 1266 1660 1334 Episco
1672 1272 1737 1338 pis
1758 1268 1996 1319 Indiaruin
2011 1305 2025 1327 ,
2041 1271 2251 1319 aliarum-

1347 1356 1434 1406 que
1467 1342 1662 1406 partium
1700 1342 2007 1390 Orientalium
2038 1376 2053 1398 ‚
2086 1355 2186 1389 tum
2222 1338 2250 1387 ἃ

1348 1406 1646 1459 Missionariis
1672 1412 1983 1480 'Regularibus
2015 1409 2251 1460 Constitu-

1346 1480 1488 1529 tiones
1519 1498 1569 1528 ac
1588 1484 1780 1530 Decreta
1801 1517 1815 1537 ,
1841 1482 1866 1529 ὲ
1886 1487 2022 1532 Sacra
2042 1484 2249 1547 Congre-

1343 1554 1524 1619 gatione
1551 1550 1605 1598 de
1637 1552 1925 1619 Propaganda
1950 1551 2055 1599 Fide
2069 1566 2247 1598 emana-

1346 1634 1392 1669 ta
1404 1655 1419 1678 ‚
1434 1617 1698 1669 inconcusse
1719 1618 1886 1670 servari
1909 1621 2094 1671 mandat
2107 1654 2122 1668 .

1280 1759 1790 1811 CLEMENS
1863 1735 2111 1811 PAPA
2180 1760 2249 1810 x.

1465 1895 1726 1956 Adsum-am
1738 1896 1799 1940 νεὶ
1811 1896 2036 1942 memoriam
2048 1926 2061 1940 .

1258 2021 1263 2026 '
1283 2020 1402 2170 Q
1415 2024 1588 2067 Uoniam
1603 2037 1668 2077 ea,
1683 2035 1765 2079 quir
1775 2038 1823 2065 ex
1841 2022 1954 2066 solita
1972 2024 2084 2079 hujus
2099 2027 2250 2069 San&

1433 2084 1547 2124 Sedis
1561 2085 1807 2128 rectitudine,
1823 2094 1943 2137 atque
1955 2086 2140 2137 aequitate
2155 2098 2250 2136 pto·

1422 2138 1510 2180 vide
1540 2140 1814 2193 sapienterque
1838 2140 2096 2189 emunitunt,
2120 2144 2159 2183 δι
2178 2157 2249 2185 in.»

1275 2191 1385 2243 dics,
1415 2208 1537 2250 prout
1574 2196 1725 2250 justitiae
1747 2199 1853 2239 ratio
1875 2198 2021 2252 exigit,
2047 2201 2084 2240 δι
2106 2213 2251 2255 propa—

1275 2251 1411 2306 gandae
1431 2254 1725 2311 iolidandaeque
1743 2257 1855 2299 Fidei
1873 2259 2097 2300 Catholicoe
2112 2257 2250 2300 suadet

1274 2309 1441 2360 utilitas,
1456 2314 1518 2367 pie
1535 2314 1839 2372 prudenterque
1855 2327 2058 2364 emanant,
2083 2318 2132 2358 ab
2157 2329 2249 2358 om-

1271 2369 1385 2411 nibus
1399 2371 1755 2424 Chrislifideli'bus,
1772 2376 1811 2416 δι
1831 2372 2043 2430 prasertim
2055 2379 2078 2420 ὲ
2093 2376 2247 2418 Carbo*

1270 2426 1357 2469 licis
1393 2431 1651 2474 Antistiiibus
1665 2459 1680 2481 ‚
1714 2434 1754 2474 in
1788 2444 1944 2488 partem
1962 2434 2246 2477 sollicitudinis

1269 2486 1509 2541 Apostolicae
1539 2493 1724 2542 vocatis,
1749 2505 1796 2534 ac
1822 2494 1873 2534 sb
1899 2492 1999 2542 illis,
2033 2495 2097 2548 qui
2117 2504 2244 2534 voto-

1270 2558 1357 2586 rum
1388 2547 1682 2600 Religiosorum
1720 2564 1825 2594 nexu
1864 2553 1938 2594 Dei
1981 2552 2244 2605 i-:cciefiaeque

1265 2600 1463 2660 obsequiis
1481 2608 1619 2649 arctius
1647 2608 1821 2652 devincti
1836 2610 1919 2652 finni
1932 2638 1946 2661 ,
1960 2610 2244 2652 inviolabiliter

1266 2659 1464 2704 observari
1479 2677 1637 2719 oportet
1653 2678 1666 2708 =
1684 2669 1767 2708 Nos
1782 2696 1795 2716 ‚
1809 2669 1968 2723 quibus,
1994 2667 2092 2709 licet
2108 2671 2247 2708 imme-

1270 2718 1358 2760 ritis
1370 2747 1386 2770 ,
1398 2723 1437 2763 δι
1450 2730 1567 2763 tsntae
1583 2724 1700 2768 oneri
1714 2725 1942 2778 imparibus,
1965 2724 2152 2766 Ecclefiae
2168 2722 2240 2766 suo

1273 2780 1421 2821 saneta:
1446 2793 1580 2838 curam
1597 2781 1791 2823 commisit
1826 2781 2074 2836 Aliiffimus,
2096 2781 2244 2829 debita

1269 2835 1591 2892 Apostolicorum
1631 2841 1898 2883 Decretorum
1938 2840 2241 2888 observationi,

1268 2898 1461 2951 quantum
1477 2895 1602 2939 Nobis
1626 2912 1672 2940 ex
1704 2899 1790 2940 alto
1805 2899 2046 2942 conceditur
2060 2926 2076 2950 ,
2107 2897 2243 2954 provi·

1270 2954 1370 2997 dere
1393 2957 1623 3010 cupientes,
1651 2955 1702 2998 de
1730 2957 1986 3024 particularis
2004 2961 2242 3012 Congrega-

1270 3014 1392 3056 tionis
1426 3014 1722 3056 venerabilium
1755 3018 1938 3059 Fratrum
1977 3017 2241 3059 nostrorum-i
2283 3021 2287 3025 '

1268 3073 1305 3113 S.
1326 3074 1375 3114 R.
1393 3074 1439 3114 Ε.
1470 3072 1747 3116 Cardinalium
1776 3075 1944 3130 negotiis
1975 3074 2239 3130 Propagandae

1271 3131 1381 3173 Fidei
1411 3130 1706 3186 praepositorum
1740 3133 1854 3189 super
1883 3135 1986 3176 ritus
2016 3135 2241 3176 Sinarum„

1271 3188 1471 3244 deputatae
1484 3188 1668 3240 consilio,
1682 3193 1936 3237 venerabiles
1954 3189 2240 3245 Fratres,.Epi-

1270 3245 1407 3303 scopos
1426 3248 1894 3306 indiarum‚aliarumque
1907 3253 2077 3306 partium
2092 3251 2238 3291 Orien-

1267 3306 1427 3356 talium,
1444 3308 1583 3349 harum
1599 3306 1697 3350 serie
1713 3312 1879 3362 paterne
1906 3322 2108 3351 monemus
2122 3336 2138 3358 ,
2165 3304 2238 3348 eis-

1266 3378 1358 3420 que,
1373 3379 1417 3406 ac
1429 3367 1548 3407 etiam
1574 3366 1832 3420 Regularium
1859 3368 2166 3421 Superioribus,
2197 3366 2238 3406 δε

1266 3421 1497 3466 eisdemmet
1515 3426 1796 3479 Regularibus,
1809 3425 1927 3467 etiam
1948 3425 2162 3471 societatis
2179 3426 2237 3475 le-

1269 3481 1306 3522 su
1322 3509 1337 3532 ,
1351 3485 1588 3524 austeritate
1606 3483 1835 3535 Apostolica
1857 3486 1895 3524 in
1914 3486 2065 3525 virtute
2087 3484 2236 3525 520&ae

1264 3540 1514 3582 Ooedientiae
1531 3542 1775 3594 praecipimus
1789 3568 1801 3588 ,
1825 3542 1866 3582 δι
1891 3541 2126 3583 mandamus
2139 3567 2154 3590 ‚
2186 3547 2234 3583 ut

1263 3612 1396 3641 omnes
1421 3598 1737 3640 Constitutiones
1760 3599 2013 3651 Apostolicss
2030 3629 2045 3652 ‚
2077 3603 2116 3641 &
2149 3601 2233 3642 De·

238 3649 319 3694 illis
335 3651 486 3697 aliisin
500 3660 566 3699 suo
591 3659 738 3700 robore
753 3656 1091 3714 permansuris‚ad
1107 3669 1202 3708 prae-
1259 3669 1370 3699 creta
1399 3657 1739 3711 Congregationis
1769 3659 1999 3700 eorumdem
2029 3657 2229 3702 Cardina-

239 3709 439 3771 miliorum
463 3713 642 3758 effectum
656 3744 671 3768 ,
685 3718 756 3759 hac
774 3718 859 3760 vice
880 3721 1086 3760 dumtaxat
1117 3712 1202 3768 spe·⁴
1259 3713 1357 3757 lium
1370 3713 1437 3759 sub
1449 3717 1578 3771 paenis
1599 3712 1764 3755 arbitrio
1785 3718 1959 3772 ejusdem
1985 3719 2221 3772 congrega·

2053 3777 2174 3820 tionis
