2496 4172
207 207 2215 514 SUPPLEMENTtffi

517 571 977 653 TOMI
1092 569 1868 668 QUARTI,

383 741 486 788 nn
531 735 1071 786 Pnovmcus
1127 736 1606 787 GERMANIAE
1659 732 2056 784 AGENTIS

723 867 786 929 D
834 864 895 928 Ο
942 866 1000 926 C
1047 863 1113 929 U
1158 864 1237 926 M
1284 868 1335 931 Ε
1382 868 1451 930 Ν
1497 866 1558 928 Τ
1601 867 1706 940 Α,

474 1014 559 1066 Vel
587 1013 767 1064 omnibus
785 1049 801 1073 ,
828 1015 913 1066 ‘vel
932 1013 1129 1082 pluribus
1158 1014 1387 1067 Germanic
1413 1016 1674 1068 ‘Provinciis
1701 1018 1928 1065 communia
1945 1048 1959 1062 .

207 1260 265 1304 In
279 1251 493 1304 omnibus
508 1253 769 1304 Germaniae
789 1253 1039 1303 Provinciis
1071 1254 1178 1301 Fra-

275 1323 453 1381 tribus,
479 1339 560 1374 aut
590 1325 645 1375 ab
676 1325 936 1374 ordinariis
966 1325 1176 1374 locorum

278 1393 537 1461 deputatis,
567 1410 648 1446 aut
676 1393 929 1445 neceffitate
955 1407 1178 1462 cogente..

279 1463 307 1513 a
336 1463 634 1531 Superiorissa
652 1463 869 1532 requisitis
886 1501 902 1524 ,
921 1466 1177 1514 interiora...

274 1533 486 1585 Claustra
498 1534 556 1586 ad
575 1533 876 1586 confessiones
897 1535 1177 1587 Monialium

271 1603 530 1672 &aliarum
556 1602 854 1656 Personarum
888 1604 1175 1654 infirmarum

217 1698 221 1704 ¹
273 1674 558 1741 excipiendas
580 1709 597 1733 ,
627 1677 702 1724 vel
728 1674 787 1724 ad
818 1676 873 1724 iis
900 1675 1175 1743 agonizanti-

269 1742 352 1795 bus
388 1741 684 1796 assistendum
721 1744 1004 1815 ingrediendi
1041 1745 1177 1795 licen-

271 1815 386 1865 tiam
407 1816 668 1882 impertitur
681 1852 696 1866 .

535 1944 556 1986 1
587 1944 628 1987 N
660 1943 697 1986 T
728 1945 767 1987 U
797 1942 852 1985 S.

483 2049 738 2119 ‘Beatiffi'me
768 2050 897 2102 Pam
911 2088 926 2102 .

295 2182 423 2224 Rater
439 2179 616 2225 Gelafius
630 2180 1182 2234 Goritienfis,0rd.FF.Min.

321 2241 622 2294 Capucinorum
639 2239 839 2284 Definitor
849 2238 1063 2284 Generalis
1079 2267 1093 2292 ,
1109 2252 1183 2294 pro

208 2305 326 2351 parte
342 2299 438 2338 RR.
452 2298 531 2338 PP.
548 2297 864 2341 provincialium
878 2299 1180 2342 Provinciarum

197 2353 531 2398 Germanicarum
547 2377 562 2401 s
579 2353 774 2397 Helvetiae
789 2381 803 2403 ,
835 2355 1066 2398 Anterioris
1098 2358 1180 2397 Au.

197 2413 312 2462 ssriae,
331 2410 726 2468 Mandro-Belgica,
744 2413 941 2456 Valloniae
953 2440 967 2463 ,
983 2412 1183 2457 Leodien·

198 2471 274 2520 fis,
289 2469 548 2524 Tyr-olentis,
562 2471 787 2522 Bavaricoe,
819 2474 1048 2515 franconia
1062 2499 1077 2523 ‚
1110 2475 1184 2514 Bo·

201 2528 368 2572 hemicae
397 2540 491 2571 cum
517 2525 711 2569 Custodia
737 2528 916 2572 Poloniae
928 2556 942 2580 ,
956 2530 1183 2572 Austriaco-

201 2583 446 2640 Hungaricoe
465 2583 715 2635 Viennensis,
730 2587 923 2641 Styriaeoe
933 2613 948 2636 ‚
959 2587 1182 2631 Colonien-

204 2645 254 2689 fis
270 2673 284 2698 ,
297 2645 339 2686 δι.
353 2645 557 2687 Rhenanae
570 2671 584 2694 ,
600 2644 764 2698 exponit
791 2645 1012 2690 humillime
1027 2648 1182 2690 Sancti·

201 2704 280 2748 tati
297 2702 444 2747 Vestrae
458 2728 474 2751 a
488 2701 600 2758 quod
618 2703 781 2747 Fratres
796 2703 920 2759 hujus
913 2705 1022 2749 modi
1042 2706 1094 2749 ad
1108 2719 1180 2749 ex-

201 2761 406 2816 cipiendas
436 2761 751 2805 sacramentales
781 2762 1055 2809 Confeffiones
1095 2766 1182 2808 Mo-

202 2821 370 2865 nialium
382 2846 397 2868 2
410 2818 658 2876 aliarumque
681 2819 937 2876 personarum
952 2824 992 2867 in
1005 2838 1183 2868 earum.-

204 2877 379 2923 Claustri
386 2891 407 2920 s,
416 2878 670 2932 degentium,
679 2879 728 2921 ab
737 2880 835 2924 Ordi
842 2883 926 2925 nari
933 2883 962 2925 is
979 2885 1181 2927 Locorum

206 2937 346 2994 saepius
359 2935 606 2992 deputentur
616 2966 633 2989 ,
659 2948 727 2980 aut
743 2938 839 2984 alias
851 2941 873 2983 ὲ
890 2941 1181 2997 Superiorifla„

205 2994 439 3040 Monasterii
455 2995 678 3040 necestitate
704 3009 879 3054 cogente
900 3003 1183 3056 requirantur3

125 3094 127 3097 .
200 3054 306 3105 ,Cum
319 3064 453 3098 autern
467 3052 698 3112 frequenter
708 3059 920 3115 contingat
939 3088 953 3112 ‚
978 3059 1087 3116 quod
1101 3070 1183 3102 tam

204 3127 256 3156 ex
275 3113 514 3160 Monialibus
527 3143 544 3166 ‚
557 3115 675 3170 quam
690 3113 775 3158 aliis
802 3119 979 3174 personis
1001 3118 1183 3163 ibidem..

205 3171 448 3227 degentibus
467 3172 523 3214 ita
549 3173 624 3215 fint
642 3170 831 3225 infirmae,
862 3187 909 3220 ut
938 3178 988 3220 ad
1014 3175 1185 3221 Confert

204 3230 359 3273 sarium
375 3257 390 3283 ,
416 3232 456 3273 δι
485 3230 766 3275 Fencssrellam
792 3235 987 3280 accedere
1001 3250 1083 3280 non
1114 3251 1183 3278 va-

205 3288 347 3337 leant,
363 3298 432 3332 aut
456 3288 537 3347 jam
565 3290 809 3346 agonizent‚
822 3302 943 3350 atque
963 3295 1019 3338 eis
1035 3296 1091 3339 his
1109 3298 1182 3339 in.‚

205 3347 355 3392 cafibus
368 3348 628 3403 spiritualiter
644 3349 852 3394 subvenire
871 3364 1075 3410 nequeant
1090 3382 1106 3406 ‚
1134 3356 1185 3398 co

205 3405 315 3461 quod
333 3421 402 3462 per
417 3406 612 3464 Regulam
637 3407 753 3463 ipfius
767 3412 1009 3455 &Francisci
1021 3426 1182 3468 cap-xi.

206 3465 414 3508 Fratribus
432 3466 636 3526 ⁸universis
666 3467 762 3510 dieti
793 3468 955 3514 Ordinis
982 3471 1187 3526 precipia-

205 3533 274 3566 tur
286 3536 362 3570 ‚nc
374 3523 655 3578 ingrediantur
666 3527 907 3571 Monasteria
925 3529 1182 3580 Monialium,

203 3590 354 3638 praeter
382 3581 509 3638 ipsos,
537 3586 678 3640 quibus
700 3586 755 3628 est
780 3587 802 3628 εἰ
826 3587 929 3630 Sede
957 3587 1186 3644 Apostolica

206 3639 389 3695 specialis
415 3640 464 3684 ad
478 3642 519 3684 id
534 3643 711 3687 concessa
733 3643 902 3690 facultas
917 3675 929 3688 .
955 3649 1186 3702 Eaproptcr

198 3699 449 3754 ‘supradicius
462 3702 615 3746 Orator
627 3705 901 3761 nomine,”quo
914 3707 1044 3762 supra,
1057 3707 1186 3748 humi·

205 3757 303 3803 liter
318 3757 514 3816 supplicat
535 3762 748 3806 sanititati
775 3764 949 3816 Vestrae,
982 3773 1178 3821 quatenus

555 1153 1744 1173 —w—ss——u-

1235 1251 1289 1295 de
1303 1252 1555 1309 benignitate
1573 1250 1804 1306 apostolica
1836 1249 2047 1306 indulgere
2079 1251 2219 1306 digned

1239 1320 1327 1363 tur,
1354 1322 1398 1353 ut
1423 1338 1438 1361 ‚
1468 1310 1801 1367 quotiescumque
1829 1311 1992 1352 Fratres
2018 1310 2113 1351 dieti
2140 1312 2222 1351 Or-

1238 1371 1344 1413 dinis
1364 1373 1550 1413 Fratrum
1566 1370 1770 1411 Minorum
1783 1368 2085 1422 Capucinorum
2103 1366 2143 1406 in
2158 1367 2222 1407 su-

1241 1444 1310 1485 pra
1326 1428 1562 1484 specificans
1583 1426 1804 1472 Provinciis
1818 1425 1869 1464 ad
1886 1422 2106 1465 audiendas
2120 1436 2224 1466 con-

1238 1486 1416 1530 fessiones
1433 1486 1688 1532 monialium,
1700 1482 1949 1536 aliarumque
1964 1480 2222 1537 personarum

1238 1548 1261 1587 a
1276 1549 1480 1588 Locorum
1492 1542 1722 1585 ordinariis
1738 1537 1886 1583 fuerint
1907 1540 2180 1596 deputati,aut
2196 1541 2220 1583 ἑ

1235 1602 1496 1658 Superioriffa
1510 1599 1743 1643 necemrare
1756 1608 1931 1653 cogente
1944 1624 1959 1646 ‚
1990 1601 2030 1640 δι
2062 1597 2224 1641 attenti

1237 1664 1336 1707 Loci
1352 1660 1563 1704 Ordinarii
1579 1659 1702 1702 nimia
1717 1658 1901 1700 distantia
1915 1655 2224 1712 requifiti‚infir-

1237 1716 2225 1833 22223‘32‘123533332''zff’fzsss'ffssz’ffi‘ss'iz‘zss

1237 1839 1337 1883 dere
1369 1852 1451 1882 non
1485 1837 1735 1886 valentium,
1765 1834 1817 1877 de
1848 1833 2010 1877 suorum
2030 1833 2225 1890 Superio-

1237 1912 1332 1943 rum
1346 1895 1554 1941 Localium
1572 1893 1733 1939 licentia
1751 1893 1855 1934 intra
1869 1892 2054 1937 Claustra
2083 1895 2224 1949 ingre-

1238 1958 1281 2000 di
1296 1985 1311 2009 ,
1322 1969 1513 1999 earumve
1525 1951 1801 1997 Confeffiones
1814 1951 2137 1995 Sacramentales
2152 1964 2224 1994 ex-

1240 2017 1402 2071 cipere,
1426 2015 1465 2056 &
1489 2011 1797 2070 agonizantibus
1821 2010 1994 2054 affiflere
2025 2009 2224 2053 valeant.

1241 2079 1378 2134 Qam
1394 2075 1565 2128 gratiam
1581 2075 1659 2115 &c-

1358 2135 1470 2177 Pom
1491 2160 1503 2172 .
1520 2128 1764 2174 Sanetiffimo
1777 2129 1957 2172 Domino
1969 2126 2123 2171 Nostro
2139 2129 2226 2169 Do-

1243 2195 1354 2236 mino
1368 2193 1482 2246 Papae
1498 2189 1715 2235 Benedicta
1731 2191 1849 2231 xlv.
1881 2201 1956 2242 pro
1975 2188 2042 2229 Fr.
2058 2184 2223 2229 Gelafio

1241 2249 1705 2300 Goritienfi,Definitore
1723 2247 1920 2291 Generali
1935 2243 2195 2301 Capucinor‘ti
2209 2271 2223 2285 .

1329 2365 1700 2411 RESCRIPTUM
1730 2364 1882 2407 SANC
1893 2365 2137 2408 TISSIMI.

1244 2491 1302 2533 Ex
1318 2485 1532 2530 Audieutr‘a
1544 2481 1776 2539 Sanfhffmi
1789 2483 1851 2524 dle
1868 2492 1936 2530 15·
1955 2484 2087 2525 Mare.
2098 2494 2113 2523 ι
2124 2492 2224 2536 749.

1357 2599 1644 2653 Smstiffimus,
1671 2599 1841 2642 attentis
1865 2596 2083 2655 expolitis,
2107 2595 2222 2639 beni-

1240 2661 1318 2720 gne
1345 2659 1489 2702 annuit
1514 2659 1620 2714 juxta
1650 2659 1804 2714 petita,
1832 2657 2142 2699 Ordinatiorum
2160 2664 2224 2696 ta-

1242 2735 1334 2765 men
1346 2718 1559 2776 respective
1576 2722 1796 2766 Locorum,
1812 2716 1973 2758 licentia
1985 2713 2223 2757 accedente.

1302 2838 1513 2892 Exemplar
1540 2835 1763 2894 impreffim
1794 2835 1848 2886 &-
1875 2833 2153 2879 ,authenticum
2179 2833 2222 2873 in

1363 2896 1483 2942 Arcb.
1502 2900 1601 2940 Gen.
1615 2895 1772 2938 Ordinis
1783 2922 1794 2933 .

1242 3016 1474 3068 Fidelibus
1490 3013 1710 3066 Ecclefias
1729 3051 1745 3072 ,
1776 3011 1852 3064 seu
1869 3014 2088 3063 Oratoria
2110 3006 2225 3058 Mis-

1310 3086 1612 3139 fionariorum
1647 3083 1920 3136 Missionum
1958 3084 2078 3133 intra
2111 3083 2222 3130 Pro-

1313 3161 1484 3209 vincias
1515 3156 1802 3208 existentium
1830 3157 1875 3204 in
1899 3151 2019 3204 festis
2049 3145 2223 3217 expres-

1315 3229 1372 3280 fis
1396 3227 1683 3280 visitantibus
1700 3226 1953 3296 Indulgent
1961 3227 2050 3274 iam
2066 3223 2219 3288 plena-

1313 3303 1430 3351 riam
1456 3317 1564 3350 cum
1592 3298 1805 3350 facultate
1837 3314 1937 3346 eam
1971 3288 2216 3343 Defunffis

1311 3370 1567 3442 applicandi
1592 3372 1637 3420 in
1653 3382 1928 3437 perpetuum
1953 3363 2148 3431 largitur
2170 3394 2184 3408 .

1246 3509 1768 3564 BENEDICTUS
1807 3508 2022 3556 PAPA
2056 3503 2218 3554 XIV.

1409 3650 1478 3693 Ad
1478 3657 1712 3705 perpetuam
1734 3649 1794 3689 rei
1810 3641 2034 3688 memoriam
2044 3671 2057 3684 .

1359 3708 1562 3751 OElestium
1594 3719 1805 3750 munerum
1832 3702 2037 3749 thesauros
2057 3730 2071 3743 .
2114 3699 2219 3757 Refi-

1377 3767 1496 3812 dmm
1509 3768 1597 3812 vide
1593 3766 1730 3826 stapra‘
1732 3763 1815 3825 fol.
1824 3777 1838 3806 1
1849 3766 1918 3819 84.
2062 3824 2159 3865 Fra-
