2496 4172
1049 137 1475 258 Apostolica
1495 198 1512 218 .

447 317 572 397 'Ferro
584 364 628 407 4.
646 351 724 394 Die
737 361 784 405 ²3
793 377 804 389 .
817 346 933 401 ‘jum
949 359 1020 403 ¹73
1029 359 1067 402 3.

391 471 547 513 Nonum
562 469 730 514 Duqum
741 481 796 510 =
814 468 892 518 An,
909 469 946 508 δι
960 464 1240 522 quomododi-

280 531 384 573 stum
397 529 612 572 Decretum
631 530 675 570 tit
697 526 972 579 exequendum
988 526 1025 566 in
1040 538 1085 565 ea
1104 534 1235 578 parte,

281 601 364 643 quae
378 588 433 631 est
450 587 596 630 tenoris
610 586 803 647 sequentis
822 599 877 629 r:
896 585 1056 626 fruens
1081 583 1204 624 etiam
1220 610 1234 633 ,

274 647 402 702 vulgo
419 647 543 688 dietus
558 647 699 689 Cocco
711 672 726 696 ‚
740 658 788 686 ex
800 643 914 696 cujus
929 641 1119 684 frafflone
1141 655 1236 696 pro-

273 702 584 761 speritatis'‚vel
610 702 820 746 infortunii
846 699 1016 754 auspicia
1046 700 1233 743 Gentiles

274 763 432 807 temer'e
459 762 638 814 ducunt,
668 762 732 805 vel
762 761 963 804 omninoa
981 759 1233 802 Christiano-

270 835 361 863 tum
377 821 534 875 Nuptiis
548 820 777 876 rejiciatur,
807 818 869 861 vel
896 817 1059 866 saltem,
1077 819 1103 858 fi
1122 816 1234 858 illum

269 880 486 924 comedere
501 877 625 921 velint
638 907 652 930 ,
664 893 743 922 non
761 876 918 933 public‘e
935 904 948 927 ,
961 871 1028 919 sed
1056 875 1228 927 secreto,

270 939 313 980 δι
327 948 439 980 extra
454 936 746 980 solemnitatem
772 936 977 992 aperiatur
993 937 1043 976 ab
1060 936 1104 976 iis
1119 963 1135 989 ‚
1166 935 1236 990 qui

271 994 521 1050 Evangelica
550 994 638 1038 luce
660 995 788 1039 edocti
805 1025 818 1044 ,
850 994 899 1036 ab
926 993 1147 1046 hujusmodi
1166 1006 1235 1035 au-

269 1052 487 1110 spiciorum
503 1052 770 1098 deliramento
795 1051 882 1095 sunt
899 1053 1090 1095 immunes
1108 1080 1121 1094 .

391 1110 681 1168 Eminentiffimi
694 1115 881 1155 dixerunt
893 1126 947 1155 ε
968 1112 1101 1152 Dilata
1114 1138 1127 1151 .

391 1171 592 1213 Decimum
610 1170 782 1214 Dubium
794 1185 848 1215 ==
868 1173 928 1213 An
945 1199 959 1219 ‚
976 1172 1013 1210 &
1029 1167 1234 1225 quomodo

271 1227 421 1272 dietum
438 1231 654 1271 Decretum
671 1230 714 1273 fit
731 1229 1004 1285 exequendum
1033 1231 1070 1270 in
1086 1242 1131 1270 ea
1147 1241 1236 1282 par-

269 1296 316 1330 te
330 1315 345 1339 ,
356 1301 441 1345 quoe
453 1286 508 1329 est
522 1288 677 1330 tenoris
693 1285 888 1344 sequentis
905 1301 960 1329 =
979 1286 1126 1329 Nullus
1138 1284 1232 1335 rite,

267 1346 312 1388 δε
340 1345 579 1387 sufficienter
607 1346 811 1403 dispositus
842 1354 1025 1389 arceatur
1054 1348 1077 1388 a
1103 1351 1233 1387 bacta-

265 1411 409 1446 mento
438 1403 691 1446 Poenitentiae
705 1433 718 1456 ,
740 1407 776 1448 δι
811 1403 1010 1459 signanter
1044 1401 1233 1446 Mulieres

264 1460 497 1504 menstruali
523 1464 668 1504 morbo
693 1463 948 1510 laborantes,
966 1474 1042 1503 non
1068 1461 1232 1503 attentis

263 1517 407 1562 diebus
439 1518 752 1573 purificationis,
773 1521 884 1576 jutta
905 1532 1056 1562 rnorem
1088 1518 1231 1561 Genti-

262 1574 362 1620 lium
378 1589 396 1630 ;
411 1579 514 1620 Cum
534 1579 613 1620 hac
630 1578 939 1623 sacramentalis
970 1591 1062 1619 vera
1081 1581 1232 1618 Anima

262 1634 513 1692 purificatio,
541 1638 581 1679 &
605 1651 684 1679 non
709 1639 789 1681 alia
809 1665 824 1687 ‚
856 1637 898 1679 lit
930 1635 1178 1679 attendenda
1208 1638 1231 1679 a

264 1691 600 1738 christifidelibus
614 1724 628 1747 ,
645 1709 864 1753 eorumque
883 1695 1107 1739 Pastoribus
1121 1722 1136 1747 ‚
1150 1695 1232 1749 qui-

267 1750 344 1794 bus
365 1763 550 1807 praterea
574 1767 653 1796 non
678 1754 824 1806 liceat,
857 1768 926 1796 nec
958 1767 1027 1809 per
1051 1752 1229 1807 seipsos,

256 1822 341 1852 'nee
355 1823 424 1865 per
439 1812 683 1854 Catechissas
695 1839 711 1862 ,
727 1827 801 1857 nec
825 1826 894 1866 per
907 1812 1009 1854 alios
1022 1810 1230 1867 quoscum·

264 1880 370 1922 que,
389 1868 503 1911 dietis
533 1870 771 1914 Mulieribus
800 1871 1014 1924 prohibere
1040 1867 1232 1913 accersam

264 1923 318 1967 ad
338 1924 569 1977 Ecclesiam,
585 1928 648 1970 vel
666 1931 716 1971 ad
736 1926 1029 1972 confessarium
1046 1956 1060 1977 ‚
1080 1929 1230 1970 'duran-

270 1992 315 2024 ae
337 1981 439 2025 diets
463 1981 721 2039 infirmitate,
746 1987 786 2029 δι
811 1985 924 2028 dicta
946 1983 1234 2043 purificationis

265 2049 476 2096 tempore.

386 2101 673 2159 Emrneneisp'mt
685 2102 869 2145 dixerunt
882 2118 937 2145 =
954 2100 1238 2146 servandum-a

264 2154 339 2198 effe
357 2159 573 2203 Decretum
604 2160 905 2204 Eminentiffimi
932 2160 1166 2202 Cardinalis
1183 2159 1234 2200 de

260 2214 466 2267 ⁸‘Iournon
478 2243 493 2258 .

375 2274 622 2315 Undecimum
642 2274 817 2318 nablum
829 2289 886 2316 =
905 2276 968 2316 An
983 2303 997 2324 ,
1010 2276 1049 2316 δι
1061 2286 1229 2330 quomo·

262 2327 320 2371 do
331 2330 615 2388 exequendum
633 2336 679 2375 lit
709 2333 859 2374 dietum
886 2336 1104 2376 Decretum
1125 2333 1164 2373 in
1180 2345 1227 2373 ea

254 2395 376 2443 parte
392 2415 405 2436 ‚
416 2402 500 2444 que
513 2389 568 2432 est
583 2390 732 2434 tenoris
754 2394 958 2446 sequentis
977 2407 1033 2435 =
1048 2391 1227 2434 Dedecet

255 2446 380 2489 etiam
397 2447 624 2492 Christianae
638 2449 817 2504 Virginis
839 2450 1033 2493 honestati
1061 2451 1223 2508 prima,

249 2503 347 2547 vice
360 2506 468 2548 dieto
492 2508 634 2550 morbo
648 2506 893 2561 laborantis,
921 2509 1035 2551 illum
1060 2513 1223 2563 Cogna-

253 2561 309 2605 ris
322 2590 337 2612 ,
355 2563 506 2607 Vicinis
519 2591 534 2614 s
545 2566 585 2607 δι
601 2567 753 2609 Amicis
767 2576 907 2608 notum
923 2566 1084 2619 facere,
1098 2568 1138 2608 ἃ
1162 2567 1222 2608 in-

250 2621 484 2665 verecunde
510 2623 747 2679 publicare,
771 2622 894 2679 iisque
919 2626 1223 2667 Erhnicorunu

253 2691 394 2730 more,
407 2681 446 2723 δι’
471 2682 550 2725 ritu
567 2682 605 2723 in
621 2680 709 2737 ejus
723 2681 891 2723 domum
903 2682 1099 2733 collectis,
1112 2682 1223 2736 super

252 2749 303 2780 te
323 2747 403 2779 tam
421 2736 579 2782 sordida
594 2737 734 2783 festum
749 2740 980 2794 instituere3
1012 2740 1222 2799 Quocirca

249 2793 487 2849 buiusmodi
518 2797 812 2847 solemnitates,
839 2799 879 2840 ἃ
894 2799 993 2841 ritus
1009 2797 1223 2842 Orthodo·

250 2853 313 2894 atis
327 2853 480 2895 Puellis
502 2853 778 2900 interdicimus
790 2884 810 2908 ‚
832 2857 870 2898 δι
883 2856 1087 2901 abolemus
1097 2886 1111 2908 ‚
1126 2854 1222 2900 Mis·

254 2908 513 2966 fionariisque
529 2911 763 2968 iniungimus
778 2940 792 2962 ‚
813 2923 855 2956 ut
883 2929 959 2957 non
983 2914 1109 2960 solum
1128 2928 1192 2958 eas
1207 2944 1221 2967 ,

252 2967 398 3010 vert'tm
417 2973 539 3011 etiam
553 2971 766 3016 Genitores
780 2984 968 3015 moneant
979 2976 1122 3030 ,quam
1136 2973 1207 3016 dis
1206 2994 1221 3003 ·

246 3024 343 3068 sona
360 3025 403 3069 fit
419 3026 588 3082 virginei
603 3029 763 3083 pudoris
777 3030 931 3088 legibus
942 3031 1134 3086 ejusmodi
1146 3033 1220 3075 ob·

256 3085 380 3126 scena
397 3087 644 3129 consuetudo
657 3116 672 3138 ,
687 3103 774 3143 qut
797 3093 820 3134 a
845 3091 1073 3134 Gentilium
1090 3092 1219 3144 impu-

254 3142 394 3185 dentia
426 3143 585 3188 videtur
607 3146 767 3191 inducta
783 3177 799 3198 ,
841 3158 884 3190 ut
913 3149 968 3192 ita
987 3147 1218 3192 labefactata

245 3199 480 3245 Puellarum
496 3204 734 3248 verecundia
745 3233 759 3255 ,
778 3219 842 3248 eas
855 3207 1045 3251 effrenate
1064 3207 1113 3249 ad
1130 3206 1218 3249 libi-

249 3258 389 3301 dinem
407 3274 635 3310 provocare
650 3263 811 3306 valeant
823 3291 838 3306 .

371 3318 659 3375 Eminentiffim‘
670 3322 853 3364 dixerunt
865 3337 920 3365 =
933 3323 1059 3380 Quod
1076 3331 1219 3367 curent

249 3374 487 3418 Miffionarii
515 3378 684 3422 abolere
696 3378 837 3423 festum
862 3380 932 3424 sub
955 3381 1076 3423 titulo
1103 3383 1221 3422 Men-

249 3430 346 3532 231:
347 3434 459 3536 a‚ult‘ed
471 3434 543 3481 sub
555 3436 676 3482 titulo
691 3439 935 3496 Nuptiarum
953 3438 1111 3484 tantum
1123 3451 1219 3494 per-

2052 186 2207 268 ¹59

1420 342 1540 388 Feria
1554 354 1594 397 4.
1611 343 1670 384 die
1686 357 1725 399 9.
1744 347 2013 399 semptembris
2031 364 2045 391 1
2057 365 2104 406 73
2113 371 2154 407 3.

1417 463 1572 503 Nonum
1587 459 2001 514 Dubiumfiapradifla
2015 466 2074 504 die
2085 479 2150 508 22.
2163 470 2271 519 ‘Julii

1289 519 1529 574 propositum
1556 548 1571 568 ‚
1591 517 1670 573 ſsd
1694 531 1769 558 non
1794 519 2004 575 refilutum
2032 537 2088 562 =
2120 527 2184 564 An
2196 552 2209 572 ,
2233 528 2273 567 &

1296 580 1502 633 quomodo
1517 576 1747 632 pradictum
1768 580 1987 619 Decretum
2005 578 2050 620 fit
2065 594 2265 635 exequen-

1298 641 1394 681 dum
1412 640 1450 678 in
1468 650 1514 679 ea
1531 645 1751 690 parte‚quae
1766 637 1819 678 est
1834 638 1990 678 tenoris
2007 635 2204 693 sequentis
2218 654 2274 682 =

1300 697 1466 739 Fruetus
1481 695 1603 737 etiam
1619 695 1740 748 vulgo
1753 695 1879 737 dietus
1893 696 2034 738 Cocco
2045 721 2059 743 ,
2088 711 2134 738 ex
2163 697 2275 750 cujus

1296 755 1490 798 fractione
1514 754 1783 808 prosperitatis
1799 780 1811 801 ,
1844 753 1906 796 vel
1923 754 2132 796 infortunii
2147 756 2276 810 auspi-

1295 814 1356 856 cia
1371 812 1560 856 Gentiles
1577 812 1731 854 temere
1761 812 1937 866 ducunt,
1972 812 2035 853 vel
2068 814 2232 854 omnino
2249 814 2270 855 ἂ

1296 872 1612 915 Christianorum
1626 871 1774 926 nuptiis
1789 871 2015 927 rejiciatur,
2036 872 2099 913 vel
2118 871 2273 920 (altem,

1296 932 1323 972 si
1342 932 1454 973 illum
1469 930 1681 974 comedere
1696 930 1819 972 velint
1836 958 1850 981 ,
1883 944 1958 972 non
1978 930 2139 986 publice
2154 959 2169 980 ,
2203 929 2272 972 sed

1297 988 1450 1033 secreto
1464 1016 1478 1040 ,
1503 990 1544 1031 δι
1557 1000 1670 1031 extra
1692 988 1987 1032 solemnitatem
2003 990 2207 1043 aperiatur
2222 989 2272 1030 ab

1296 1049 1344 1091 iis
1358 1051 1447 1105 ‚qui
1463 1047 1710 1102 Evangeliea
1726 1047 1816 1089 luce
1831 1050 1962 1092 edocti
1977 1076 1990 1099 ,
2007 1049 2057 1089 ab
2077 1045 2274 1102 hujusmo-

1295 1107 1338 1149 di
1351 1106 1619 1160 auspiciorum
1634 1105 1910 1150 deliramento
1941 1105 2030 1149 sunt
2047 1106 2245 1148 immunes
2259 1133 2274 1147 .

1416 1163 1704 1223 Eminentiffimi
1724 1166 1910 1207 dixerunt
1939 1181 1996 1208 =
2027 1164 2275 1207 servandum

1297 1220 1374 1266 effe
1403 1225 1620 1265 Decretum
1647 1223 1820 1277 praedie‘ti
1853 1222 2155 1266 Eminentiffimi
2170 1226 2277 1266 Car-

1293 1280 1437 1323 dinalis
1454 1282 1506 1324 de
1524 1284 1720 1324 Tournon
1736 1309 1748 1321 .

1408 1338 1830 1394 Decimumstcundum
1853 1340 2025 1383 Dubium
2041 1355 2096 1382 =
2130 1342 2193 1382 An
2207 1368 2221 1389 ‚
2235 1341 2277 1383 δε

1294 1398 1500 1454 quomodo
1519 1401 1740 1441 Decretum
1774 1399 1946 1452 praedieti
1974 1398 2062 1441 Εῶι
2081 1400 2206 1440 Card.
2221 1398 2276 1440 de

1295 1458 1490 1499 Tournon
1509 1457 1551 1499 sit
1567 1455 1846 1511 exequendum
1860 1459 1899 1500 in
1914 1473 1958 1501 ea
1971 1470 2099 1513 parte,
2116 1470 2201 1512 quae
2216 1456 2274 1500 est

1294 1515 1445 1558 tenoris
1463 1517 1662 1570 sequentis
1676 1530 1731 1557 =
1746 1515 1864 1559 Ferre
1881 1519 2033 1572 par-iter
2050 1529 2130 1560 non
2149 1513 2278 1569 possu-

1293 1587 1380 1616 mus
1399 1598 1414 1622 2
1433 1574 1541 1629 quod
1562 1579 1584 1616 a
1602 1575 1772 1616 Medicis
1784 1575 2062 1629 spiritualibus
2076 1588 2151 1628 pro
2167 1574 2267 1615 Ani·

1294 1645 1445 1674 marum
1461 1632 1588 1674 (alme
1604 1646 1649 1674 ea
1664 1632 1874 1674 charitatis
1887 1633 2030 1676 Officia
2065 1631 2278 1686 denegen-

1295 1701 1375 1738 tur,
1397 1704 1483 1748 quae
1496 1687 1647 1733 Medici
1662 1691 1865 1740 Gentiles,
1878 1692 2039 1734 Nobilis
2067 1691 2189 1732 etiarn
2205 1703 2278 1744 ge-

1290 1750 1397 1792 neris
1410 1777 1424 1799 ,
1442 1748 1506 1793 seu
1522 1749 1649 1792 Cast:
1661 1778 1675 1801 ‚
1709 1764 1782 1806 pro
1797 1753 1992 1807 Corporis
2022 1750 2146 1791 salute
2173 1762 2278 1804 pre«

1294 1808 1390 1851 stare
1405 1823 1482 1850 non
1497 1807 1766 1864 dedignantur
1781 1812 1798 1851 1
1804 1808 1969 1860 nfirmis,
1985 1808 2081 1851 licet
2097 1806 2275 1862 abjectae,

1294 1868 1334 1909 ez
1357 1866 1496 1909 infimae
1520 1868 1763 1910 conditionis
1779 1893 1794 1917 ‚
1817 1869 1940 1924 vulgo
1956 1867 2073 1910 dicans
2089 1870 2232 1910 Parcas
2256 1896 2271 1909 .

1294 1928 1557 1980 Qapropter
1567 1924 1744 1968 districte
1757 1926 1986 1968 mandamus
2000 1924 2270 1978 Miffionariis,

1299 1992 1344 2024 ut
1362 2011 1376 2034 ,
1388 1981 1631 2038 quantumin
1647 1984 1737 2039 ipfis
1753 1985 1832 2026 erit
1849 2012 1861 2035 ,
1875 1985 2018 2026 nemini
2033 1983 2057 2024 ‘a
2070 1983 2267 2027 Christia-

1298 2041 1356 2082 nis
1371 2042 1534 2096 aegrotis
1559 2067 1573 2090 ‚
1600 2042 1859 2097 quantumvis
1882 2044 2027 2085 Parcas
2043 2066 2057 2088 ‚
2082 2042 2118 2081 &
2146 2042 2268 2084 vilio-

1297 2099 1350 2139 ris
1363 2127 1378 2149 ,
1398 2100 1424 2140 fi
1440 2096 1614 2141 adeffent
1626 2125 1640 2148 ‚
1659 2100 1813 2155 generis
1830 2101 2056 2143 bominibus
2070 2126 2084 2149 ,
2115 2098 2273 2145 defide-

1296 2157 1421 2197 randa
1438 2158 1693 2210 relinquatur
1715 2158 1757 2199 in
1775 2157 2007 2200 infirmitate
2024 2159 2138 2212 copia
2156 2161 2276 2201 Con·

1296 2212 1470 2266 feffarii3
1498 2216 1533 2255 &
1550 2230 1598 2258 ne
1612 2213 1983 2270 ingravescentibus
2000 2216 2164 2264 morbis,
2179 2231 2273 2260 cum

1292 2271 1520 2329 gravissimo
1535 2272 1622 2317 vita
1634 2273 1858 2327 corporalis
1874 2273 2057 2328 periculo
2071 2303 2087 2325 ,
2116 2286 2273 2318 aeternae

1292 2331 1498 2373 consulere
1512 2342 1709 2386 cogantur
1721 2360 1735 2382 ‚
1756 2331 1892 2376 iisdem
1909 2331 2156 2375 Mrffionariis
2174 2348 2271 2389 prae-

1286 2390 1454 2443 cipimus
1467 2418 1482 2440 ‚
1512 2404 1561 2432 ne
1578 2389 1762 2433 Infirmos
1777 2390 1993 2443 hujusmodi
2021 2391 2270 2435 conditionis

1285 2448 1334 2489 ad
1350 2446 1565 2491 Ecclefiam
1579 2446 1820 2492 deferendos
1833 2454 2043 2504 expectent
2059 2476 2075 2499 ,
2091 2451 2154 2494 sed
2169 2466 2269 2495 con·

1285 2504 1427 2548 sultius
1447 2509 1597 2550 Domos
1617 2532 1631 2553 2
1660 2508 1725 2550 ubi
1756 2520 1953 2565 agrotant
1969 2536 1983 2558 ,
2000 2522 2092 2608 ‘pro
2116 2511 2265 2552 viribus

1283 2575 1420 2620 petant
1438 2566 1488 2607 ad
1504 2579 1575 2609 eos
1592 2565 1831 2619 invisendos,
1846 2582 1893 2609 ac
1909 2568 1983 2622 piis
2015 2569 2266 2620 ermonibus,

1283 2625 1323 2664 δι
1339 2624 1522 2677 precibus
1538 2652 1555 2674 ,
1570 2627 2006 2681 Sacramentorumque
2033 2626 2178 2679 pabulo
2203 2640 2265 2666 re-

1283 2681 1481 2722 creandos
1494 2708 1509 2732 ,
1522 2691 1642 2736 atque
1653 2682 1819 2725 demum
1835 2697 1904 2726 eos
1919 2684 1957 2725 in
1974 2693 2163 2725 extremo
2178 2684 2269 2727 vitae

1284 2738 1514 2780 discrimine
1540 2739 1778 2781 constitutos
1810 2744 1956 2782 Sancto
1971 2738 2266 2788 Infirmorum„

1285 2796 1392 2839 Oleo
1402 2796 1600 2839 deliniant
1617 2824 1632 2848 ‚
1647 2799 1793 2852 absque
1810 2799 2072 2840 Personarum
2088 2825 2102 2847 s
2118 2810 2188 2841 aut
2206 2799 2266 2843 se-

1284 2853 1353 2897 xus
1367 2856 1603 2911 acceptione
1616 2883 1631 2906 ‚
1658 2854 1842 2910 expresse
1859 2856 2092 2899 damnantes
2119 2871 2267 2912 quam-

1282 2928 1453 2970 cumque
1469 2913 1624 2970 praxim
1656 2915 1748 2957 huic
1765 2913 2003 2958 Christianae
2015 2916 2176 2972 pietatis
2199 2914 2265 2965 off

1282 2971 1374 3015 ficio
1390 2973 1636 3015 contrariam
1652 3002 1664 3013 .

1401 3029 1693 3087 Eminentiffi'mi
1707 3033 1893 3075 dixerunt
1921 3050 1977 3076 =
2009 3034 2261 3076 Servandum

1279 3088 1354 3133 effe
1381 3092 1605 3133 Decretum
1626 3091 1927 3135 Eminentiffimi
1954 3094 2006 3135 de
2032 3095 2228 3135 Tournon
2242 3106 2262 3135 ε

1283 3152 1480 3192 Praeterea
1499 3148 1718 3192 monendos
1741 3149 2004 3193 Miffionarios
2021 3179 2035 3200 ,
2066 3151 2172 3207 quod
2191 3166 2259 3194 ne-

1280 3222 1356 3264 que
1371 3209 1420 3249 ad
1437 3205 1678 3263 Baptismum
1697 3210 1914 3252 admittant
1932 3210 2057 3252 Indos
2070 3235 2084 3257 ,
2116 3211 2183 3264 qui
2210 3211 2254 3251 in

1277 3281 1324 3308 ea
1340 3267 1426 3308 sunt
1441 3267 1630 3321 opinione
1646 3295 1660 3316 ‚
1688 3270 1831 3312 Parcas
1861 3271 1884 3312 a
1912 3271 1998 3311 Deo
2013 3263 2087 3310 effe
2108 3281 2252 3321 repro·

1278 3327 1392 3368 batos
1408 3355 1422 3377 ‚
1437 3326 1578 3368 &ideo
1593 3325 1743 3368 nullam
1759 3326 1863 3382 polse
1880 3325 2037 3380 sperare
2055 3325 2221 3367 salutem
2235 3353 2253 3378 ,

1277 3383 1347 3426 nifi
1361 3398 1444 3426 earn
1461 3382 1694 3438 opinionem
1710 3385 1959 3439 deposuerint
1975 3411 1987 3424 .

1400 3445 1603 3485 Decimum
1623 3446 1786 3484 tertium
1817 3440 1994 3483 Dubium
2005 3455 2062 3484 =
2094 3443 2154 3483 An
2167 3466 2181 3488 2
2210 3441 2255 3484 δε

1277 3501 1486 3557 quomodo
1499 3499 1649 3540 dietum
1668 3503 1884 3541 Decretum
1907 3499 2185 3553 exequendum
2203 3499 2249 3541 fit

1278 3561 1318 3602 in
1332 3572 1377 3601 ea
1390 3567 1517 3611 parte,
1526 3570 1610 3612 quae
1625 3556 1680 3597 est
1696 3557 1848 3598 tenoris
1864 3555 2062 3612 sequentis
2077 3572 2133 3600 =
2153 3562 2249 3601 Non

1278 3616 1357 3659 sine
1371 3615 1546 3657 maximo
1557 3614 1676 3655 animi
1691 3615 1809 3656 nostri
1828 3628 1987 3669 merore
2002 3618 2244 3670 accepimus,

1277 3674 1396 3717 etiam
1438 3671 1684 3713 Christianos
1726 3674 2030 3727 ‘tympanorum
2066 3675 2243 3730 pulfito-

1277 3745 1339 3774 res
1352 3759 1368 3785 ‚
1381 3729 1576 3780 Tibicines
1590 3755 1604 3778 2
1633 3730 1698 3773 vel
1724 3731 1887 3787 alterius
1908 3731 2240 3790 cujuscumquea

2073 3792 2186 3834 Mufi-
