2496 4172
938 191 941 195 ’
989 158 1438 278 Αροῆοίἰσα
1462 221 1482 244 .

230 310 513 372 Prodiebus
547 310 678 362 festis
710 306 977 362 eorumdem
1012 307 1197 358 Sansto·

231 390 237 402 ”
300 405 405 438 rum
442 386 696 435 FlDELIS
716 380 1111 446 Protomartyris,
1146 397 1201 428 ac

226 460 236 474 ¹⁴
293 460 582 530 JosEPffl
621 450 896 506 Confefforis
919 485 941 509 ‚
988 448 1201 500 omnibus

228 569 235 575 „
299 545 402 580 tum
424 524 633 579 Fratrum
647 559 664 583 ,
692 537 796 574 tum
815 522 1093 573 Monialium
1111 522 1201 571 Or-

228 630 230 634 ·
301 599 418 650 dinis
454 594 662 648 Ecclefiis
698 593 857 644 erestis
891 589 940 643 ἃ
975 590 1200 657 erigendis

300 669 630 738 indulgentiam
664 666 912 733 plenariam
948 662 994 710 in
1041 678 1199 731 perpe·
1264 677 1289 719 p

237 737 243 806 ’-
303 755 440 794 tuum
460 739 654 808 largitur
667 770 681 785 .

233 870 750 934 BENEchUs
800 878 1004 927 PAPA
1042 876 1208 927 xlv.

402 1007 705 1063 Adperpetuam
718 1006 780 1051 m·
793 1004 1015 1049 memoriam
1025 1031 1039 1046 .

364 1136 627 1194 Edemptoris
641 1165 657 1190 ‚
682 1137 722 1178 δι
738 1136 902 1180 Domini
917 1135 1054 1181 Nostri
1072 1133 1205 1189 JESU

381 1196 639 1246 CHRISTI,
669 1195 738 1252 qui
764 1194 960 1251 gloriosos
994 1190 1206 1236 saluberri-

233 1270 419 1307 morum,
444 1269 529 1312 quae
557 1255 685 1298 Nobis
710 1253 899 1310 reliquit,
924 1250 1205 1308 exemplorum

230 1317 457 1360 Sestatores
474 1314 566 1357 altis
579 1312 795 1356 decoravit
810 1313 1032 1355 honoribus
1043 1310 1107 1363 ,δι
1121 1320 1206 1350 coe·

230 1374 337 1416 lestis
352 1372 617 1426 Beatitudinis
629 1370 835 1428 consortes
851 1370 1009 1422 effecit,
1023 1369 1144 1419 vices,
1156 1365 1206 1409 li-

231 1433 298 1475 cet
312 1431 527 1478 immeriti,
543 1438 728 1485 gerentes
741 1429 778 1472 in
791 1427 926 1483 terris,
941 1425 1204 1484 spiritualium

229 1491 442 1534 munerum
458 1487 706 1541 Thesauros,
719 1502 891 1544 quorum
908 1487 1035 1533 Nobis
1048 1484 1205 1529 credita

231 1549 287 1593 est
299 1546 535 1605 dispensatio
547 1576 564 1600 ,
594 1548 765 1591 libenter
782 1561 991 1604 erogamus
1003 1572 1019 1596 ,
1039 1540 1204 1588 ficut-ad

233 1606 546 1658 excitandam&
557 1605 769 1650 fovendam
783 1620 876 1662 erga
891 1603 1050 1650 eosdem
1061 1605 1208 1646 Beatos

230 1665 320 1722 celi
335 1665 494 1707 Incolas
509 1664 709 1708 fidelium
724 1665 980 1708 devotionem
995 1660 1206 1704 salubriter

231 1726 271 1768 in
292 1723 470 1783 Domino
499 1722 686 1778 expedire
709 1723 974 1766 arbitramur.
1006 1723 1112 1764 Cum
1127 1720 1206 1762 ita-

167 1793 169 1795 ·
232 1796 308 1841 que
324 1785 412 1826 Nos
433 1779 564 1838 nuper
592 1780 639 1823 ad
655 1782 848 1826 honorem
862 1778 1107 1825 Sanetissimae
1121 1806 1136 1831 ,
1165 1778 1207 1820 &-

230 1840 457 1887 Individuae
472 1840 708 1892 Trinitatis,
727 1839 785 1887 ,ad
809 1840 1096 1886 exaltationem
1121 1839 1208 1880 Ca-

231 1900 389 1944 tholicae
408 1898 543 1955 Fidei,
573 1899 614 1940 δι
637 1898 870 1941 christiana
886 1897 1114 1954 R‘eligionis
1143 1896 1207 1937 in-

231 1967 487 2002 crementum
512 1957 564 1999 do
580 1954 882 2002 venerabilium
909 1960 1096 2002 Fratrum
1117 1957 1207 1998 No-

233 2018 404 2061 strorum
430 2020 469 2061 S.
490 2018 543 2059 R.
560 2015 605 2056 E.
621 2015 902 2060 Cardinalium
918 2044 933 2068 ‚
963 2029 1010 2058 ac
1030 2014 1209 2058 Patriar·

236 2078 404 2120 charum
416 2104 432 2128 ,
448 2075 852 2132 Archiepiscoporum
867 2102 881 2125 ,
898 2074 1210 2130 Episcoporum-

209 2191 217 2196 “
232 2144 311 2192 que
327 2136 366 2177 in
382 2134 489 2178 Urbe
508 2133 651 2176 Nostra
668 2134 919 2178 existentium
935 2131 1101 2175 conmio
1115 2134 1211 2174 Bea-

233 2204 300 2238 tos
328 2194 581 2237 FIDELEM
605 2191 1031 2236 A’SlGMARlNGA
1049 2191 1209 2244 Marty-

232 2268 321 2296 rem
335 2281 349 2304 ‚
379 2267 425 2294 ac
435 2253 735 2308 JOsEPHUM
750 2252 802 2294 A·
817 2250 1081 2296 LEONJSSA
1096 2252 1207 2292 Con-

230 2308 444 2359 fess'orem,
490 2310 530 2350 δι
558 2308 724 2350 Ordinis
752 2314 943 2353 Fratrum
967 2309 1205 2352 Minorum„

232 2368 366 2414 Sancti
395 2364 594 2409 Francisci
621 2367 927 2423 Capucinorum
956 2374 1206 2422 nuncupato-

230 2429 319 2471 rum
348 2422 617 2482 proseffores,
648 2426 885 2469 auctoritate
907 2426 1036 2468 Nobis
1065 2426 1088 2468 a
1121 2426 1205 2466 Do-

230 2486 344 2528 mino
388 2483 535 2525 tradita
562 2486 728 2526 Sanaos
757 2484 831 2528 else
859 2483 1161 2528 decreverimus
1189 2511 1206 2534 ,

234 2544 278 2585 &
307 2540 631 2590 definiverimus,
661 2553 707 2582 aa
730 2545 969 2584 sanctorum
1005 2541 1209 2596 catalogo

234 2600 403 2644 solemni
419 2599 521 2640 Ritu
535 2597 879 2653 adscripserimus:
895 2600 1002 2642 Hinc
1014 2597 1208 2655 est,quod

234 2662 327 2703 Nos
344 2656 392 2698 ad
409 2656 631 2711 augendam
650 2657 843 2700 fidelium
862 2657 1121 2714 Religionem
1134 2685 1149 2708 ,
1170 2658 1210 2699 δι

235 2717 478 2761 Animarum
522 2713 689 2757 salutem
732 2715 976 2760 coelestibus
1022 2715 1212 2760 Ecclefiae

239 2771 456 2833 'thesauris
482 2773 545 2829 pia
569 2774 784 2819 charitate
809 2776 949 2819 intenti
977 2803 991 2827 ,
1022 2775 1207 2818 omnibus

234 2834 444 2889 utriusque
455 2829 576 2874 Sextis
604 2832 937 2877 christifidelibus
953 2833 1049 2878 vere
1072 2835 1206 2891 poeni-

195 2940 200 2953 ‚
238 2892 418 2937 tentibus
433 2916 446 2938 ,
478 2892 516 2933 δι
531 2886 707 2934 confeffis
719 2920 733 2943 ‚
762 2905 808 2934 ac
823 2892 926 2936 steri
941 2894 1206 2937 Communiu-

241 2967 293 2995 ne
317 2947 501 2998 refectis,
532 2949 596 3006 qui
624 2949 796 3004 aliquam
820 2966 870 2995 ex
899 2951 1088 2995 Eccleiiis
1105 2966 1209 3008 quo-

239 3019 505 3063 rumcumque
518 3012 804 3052 conventuum
814 3039 831 3062 ,
861 3007 1206 3062 Monaileriorum‚

238 3069 281 3111 81.
310 3070 534 3110 Domornm
565 3066 828 3123 Regularium
871 3079 953 3112 tam
979 3071 1168 3113 Fratrum
1192 3099 1207 3123 ‚

241 3126 361 3183 quarn
391 3126 632 3168 Monialium
656 3127 819 3170 Ordinis
847 3127 995 3184 praefati
1022 3131 1210 3173 haetenus

243 3184 384 3242 erectis
399 3211 414 3236 ‚
443 3185 483 3225 &
500 3185 750 3245 imposterum
777 3187 1112 3244 quandocumque
1128 3188 1210 3232 eri-

242 3243 382 3301 gendis
397 3271 410 3294 ,
440 3248 478 3285 δι
492 3243 641 3298 ubique
663 3242 850 3287 loco'rum'
868 3247 1120 3290 existentibus
1143 3249 1210 3289 die

240 3301 429 3356 vigefima
449 3311 605 3358 quarta*
618 3303 760 3345 Menlis
775 3304 924 3357 Aprilis
952 3306 1064 3349 Festo
1079 3307 1212 3348 Saneti

242 3362 377 3405 1³11)ss
385 3362 470 3403 Lts
483 3360 535 3402 A’
545 3361 917 3414 SlGMARlNGA,
936 3377 982 3404 ac
995 3363 1061 3406 die
1072 3377 1214 3419 quarta

242 3419 381 3463 Mensis
395 3420 599 3462 Februarii
615 3420 730 3463 Festo
741 3421 1005 3478 S-JOSEPHI
1016 3423 1068 3466 A·
1085 3426 1209 3466 LEO.

245 3478 403 3522 Nissa
429 3480 448 3520 ὲ
466 3478 602 3533 primis
614 3478 797 3535 Vesperis
817 3479 937 3536 usque
961 3481 1013 3524 ad
1027 3484 1210 3525 occasum

241 3535 512 3579 Solisdierum
529 3536 754 3593 hujusmodi
784 3538 941 3593 lingulis
953 3540 1062 3581 annis
1083 3539 1211 3582 devo·

241 3594 287 3636 t'e
314 3594 585 3647 visitaverint,
612 3598 651 3641 &
678 3597 733 3639 ibi
759 3611 835 3654 pro
858 3597 1209 3643 Christianorum...

239 3651 468 3706 Principum
481 3653 695 3698 concordia
711 3686 726 3705 ,
757 3656 941 3699 haeresum
967 3657 1206 3711 extirpatio-

236 3717 313 3758 n'e,
343 3724 390 3752 ac
414 3712 573 3765 Sanflae—
587 3716 726 3757 Matris
751 3715 939 3758 Ecclefiae
961 3717 1208 3758 exaltatione

237 3768 322 3827 pias
333 3768 382 3810 ad
400 3766 526 3833 Deum
538 3784 679 3824 preces
691 3771 902 3819 effuderint
913 3800 928 3826 ,
938 3788 1018 3831 quo
1032 3776 1206 3832 dieprae-

302 3847 307 3856 ·
326 3846 335 3855 ·
357 3829 463 3871 Tom-
475 3830 560 3885 {1112

1261 305 1460 349 dictorum
1492 302 1534 346 id
1561 304 1749 359 egerint3
1779 310 1991 362 plenariam
2020 321 2247 361 omnium-i·

1260 377 1520 423 peccatorum
1537 364 1696 405 suorum
1711 364 2004 420 indulgentiam
2016 402 2030 424 ,
2045 377 2086 415 &
2099 378 2250 416 remia„

1262 428 1412 468 fiunem
1445 421 1759 466 misericorditer
1789 423 1828 463 in
1853 426 2027 469 Domino
2051 431 2243 473 concedi—

1263 497 1348 527 mus
1363 512 1374 524 .
1409 479 1673 525 Praesentibus
1689 483 1888 537 perpetuis
1915 482 2060 526 futuris
2082 499 2243 541 tempo-

1262 544 1372 586 ribus
1401 540 1613 584 valituris.
1648 541 1848 583 Volumus
1874 551 2039 590 autem,
2072 554 2118 583 ut
2146 558 2254 596 pras-‚-

1261 602 1432 645 sentim
1450 602 1685 644 Liternum
1699 601 1960 656 transumptis
1973 627 1988 650 ‚
2020 598 2085 642 seu
2109 613 2256 640 exem-‚1

1294 663 1359 712 lis,
1375 661 1495 703 etiarn
1511 657 1705 714 impreffis
1719 689 1736 711 ,
1769 673 1887 702 manu
1902 657 2064 711 alicujus
2082 657 2245 699 Notarii

1264 720 1415 778 publici
1431 717 1656 772 subscriptis
1673 746 1686 770 ,
1716 720 1756 760 δε
1771 718 1900 774 figillo
1918 716 2095 761 Personae
2108 717 2150 758 in
2169 717 2247 756 Ec-

1267 778 1478 822 clefiastica
1495 778 1694 831 dignitate
1720 778 1972 828 constitutae,
2005 775 2067 819 vel
2087 777 2247 817 Procu-

1269 840 1415 883 ratoris
1446 834 1662 881 Generalis
1690 837 1786 880 dieti
1799 837 1963 879 Ordinis
1987 834 2154 878 munitis
2181 846 2247 874 ea·

1271 898 1362 940 dem
1379 896 1537 954 prorsus
1565 894 1663 937 fides
1679 896 1918 939 adhibeatur
1933 923 1946 946 ,
1978 907 2061 951 quae
2076 891 2247 935 adhibe·

1272 957 1486 1012 returipfis
1512 953 1798 1012 prasentibusi,
1830 954 1855 996 fi
1881 953 2014 996 forent
2029 952 2246 1002 exhibitae,

1180 1041 1189 1049 ›
1273 1017 1336 1059 vel
1349 1014 1501 1059 ostensae
1515 1044 1528 1058 .

1385 1077 1537 1118 Datum
1565 1077 1706 1117 Romae
1730 1072 1833 1131 apud
1862 1076 2043 1116 Sanctam
2073 1068 2253 1116 Mariam

1269 1133 1469 1190 Maiorem
1494 1134 1562 1176 sub
1583 1134 1751 1176 Annulo
1767 1131 1978 1176 Piscatoris
2006 1131 2072 1173 die
2092 1142 2164 1172 xxi
2180 1140 2192 1168 1
2209 1141 2253 1174 lm

1267 1192 1430 1248 Augusti
1446 1206 1693 1234 unccxtvt.
1720 1189 1980 1235 Pontificatfis
1994 1188 2130 1234 Nostri
2154 1188 2245 1229 An-

1267 1266 1321 1296 no
1337 1250 1517 1307 septimo
1535 1279 1547 1292 .

1324 1371 1444 1412 Breve
1448 1367 1674 1428 formatum
1687 1370 1729 1410 in
1744 1366 1864 1411 Arcb.
1877 1360 2244 1410 ord.Armar.Bul-.

1380 1426 1426 1470 lae
1442 1455 1456 1479 ,
1489 1428 1630 1470 Brevia
1645 1427 1733 1478 ἀι.
2084 1432 2088 1436 ’

1330 1718 1716 1798 ΒΕὸΟΒῙΡΤΟ
1752 1717 2173 1769 PONTIFICIO

1269 1852 1433 1903 Altare
1468 1853 1620 1917 Majus
1653 1848 1863 1898 omnium
1895 1845 2246 1898 Ecclefiamm

1338 1920 1532 1974 Ordinis
1563 1919 1769 1987 quotidie
1805 1917 1855 1972 ec
1887 1919 1932 1967 in
1963 1932 2243 1988 perpetuum

1337 1992 1656 2062 privilegiatur
1673 2026 1687 2041 .

1523 2118 1780 2187 Saalliffim
1815 2119 1961 2170 ‘Pater
1977 2155 1991 2169 .

1373 2249 1496 2291 Rater
1513 2248 1748 2294 Ludovicus
1769 2250 1791 2293 a
1803 2248 1982 2289 Taurino
1998 2248 2260 2290 Procurator*

1384 2309 1595 2351 Generalis
1612 2307 1788 2350 Ordinis
1804 2308 2010 2348 Minorum
2025 2306 2067 2347 S.
2082 2306 2258 2349 Franci-i

1266 2372 1318 2412 sci
1339 2367 1672 2422 Capucinorum,
1703 2366 1772 2422 qui
1799 2366 1979 2416 summa,
2007 2379 2053 2407 ac
2079 2374 2249 2420 paterna

1268 2427 1494 2471 Sane'titatis
1512 2426 1655 2470 Vestra:
1680 2426 1895 2468 clementia
1911 2422 2037 2468 fretus
2052 2452 2067 2476 ,
2100 2422 2213 2465 filiali
2229 2449 2248 2472 ‚

1267 2501 1345 2544 qua
1363 2500 1432 2542 par
1446 2485 1522 2536 est,
1535 2485 1758 2527 devotione
1772 2510 1787 2533 ‚
1816 2495 1937 2540 atque
1959 2482 2105 2526 fiducia
2120 2510 2134 2531 ,
2167 2481 2248 2537 jam

1269 2546 1360 2586 viva
1378 2556 1478 2585 voce
1491 2543 1730 2586 defiderium
1742 2544 1951 2598 exposuit.
1978 2556 2061 2598 quo
2076 2534 2258 2594 flagrant„

1268 2602 1433 2643 Minissri
1448 2600 1721 2643 provinciales
1738 2598 1791 2640 sui
1806 2599 1970 2641 Ordinis
1994 2613 2071 2654 pro
2089 2597 2257 2652 lingulis-

1268 2660 1575 2704 Provinciarum
1602 2658 1757 2700 suarum
1787 2655 1974 2700 Ecclestis
1998 2656 2138 2699 Altare
2163 2656 2259 2711 pri-.-

1271 2720 1504 2770 vilegiatum
1520 2717 1803 2773 quotidianum
1819 2714 2056 2766 obtinendi,
2079 2728 2243 2770 quum-2

1270 2781 1458 2822 hactenus
1486 2778 1615 2818 tribus
1641 2777 1800 2818 tantum
1816 2774 2078 2817 hebdomadae
2103 2774 2258 2816 diebus,

1270 2840 1346 2881 hoc
1362 2836 1577 2892 privilegio
1594 2834 1800 2877 fruantur:
1824 2831 2125 2876 clementissimo
2141 2846 2246 2874 nunc

1267 2898 1546 2951 obtemperans
1565 2895 1678 2936 nutui
1710 2893 1939 2937 Sanelitatis
1956 2891 2129 2943 Vestrae,
2159 2905 2247 2946 quae

1268 2957 1307 2999 in
1322 2956 1498 3008 benignae
1516 2952 1789 3008 propensionis
1812 2961 2093 3006 argumentum
2107 2978 2122 3002 ,
2155 2950 2249 2992 viva
2304 2966 2310 2970 ·

1269 3029 1369 3056 voce
1396 3015 1462 3068 ipsi
1475 3013 1688 3068 praecipere
1719 3011 1881 3066 dignata
1895 3009 1951 3052 cst
1967 3036 1979 3058 ‚
2011 3019 2058 3053 ut
2081 3008 2248 3053 solitum

1270 3072 1454 3116 libellum
1484 3069 1777 3126 supplicationis
1808 3070 2036 3126 porrigeret
2058 3093 2074 3118 ‚
2116 3067 2256 3111 dum.)-⁸

1271 3130 1509 3174 sanetiffimis
1530 3129 1698 3186 pedibus
1718 3129 1961 3184 provolutus
1975 3155 1990 3179 ‚
2020 3125 2059 3168 se
2082 3136 2215 3169 totum
2233 3154 2256 3178 ‚

1273 3190 1433 3246 suasque
1447 3202 1584 3246 preces
1599 3189 1846 3232 humillimas
1859 3186 2086 3230 Sanftitatis
2101 3184 2248 3227 Vestrae

1272 3249 1444 3292 a'rbitrio
1464 3247 1672 3291 'consecrat
1691 3277 1706 3300 ‚
1737 3246 1935 3304 p‘rofunda
1953 3245 2082 3288 ⁴animi
2103 3242 2250 3285 demis-

1274 3308 1410 3359 lione,
1440 3318 1483 3350 ut
1509 3307 1581 3349 suae
1606 3307 1814 3364 petitionis
1844 3302 2063 3361 gratiosum
2087 3300 2250 3343 Reseria

1272 3377 1385 3424 ptum
1399 3365 1602 3410 conficere
1615 3367 1805 3421 dignetur
1817 3394 1833 3414 ,
1847 3362 1962 3406 enixe
1978 3362 2221 3414 deprecatur
2231 3388 2245 3401 .

1271 3430 1394 3482 Quod
1415 3425 1614 3482 fingulare
1626 3423 1864 3468 beneficium
1888 3419 2068 3463 universa
2085 3418 2266 3471 Religio

1269 3498 1351 3528 non
1371 3484 1499 3527 solum
1516 3485 1677 3540 sperat,
1711 3481 1775 3524 sed
1790 3479 2094 3522 consecuturam
2107 3475 2182 3518 effe
2210 3475 2249 3519 se

1267 3553 1447 3587 autumat
1473 3569 1488 3594 ,
1532 3541 1628 3584 dum
1657 3538 1847 3584 memoria
1875 3538 2020 3593 repetit
2050 3538 2213 3581 multos,
2232 3559 2253 3585 ,

1268 3598 1601 3656 ampliffimosque
1621 3597 1772 3642 fruetus
1788 3595 2112 3652 incomparabilis
2125 3596 2249 3636 bene·
2291 3628 2297 3630 a

1267 3658 1437 3701 ficentiae
1462 3659 1687 3702 sanctitatis
1703 3657 1853 3701 Vestrae
1876 3657 1917 3698 in
1944 3668 2142 3711 pauperes
2165 3653 2254 3697 Ca·.

1266 3717 1447 3772 pucinos‚
1464 3717 1772 3759 obstriniffimos
1796 3723 2011 3770 propterea
2039 3712 2089 3754 ad
2105 3723 2264 3768 preces.

1264 3775 1568 3833 ferventissimas
1584 3775 1853 3819 indesinenter
1874 3772 2136 3817 effundendas
2151 3796 2166 3818 ,
2196 3778 2243 3816 ut

1614 3837 1650 3878 A
1664 3849 1686 3878 a
1701 3848 1722 3875 a
1754 3846 1775 3874 2
2103 3833 2184 3873 Re·
