2496 4172
328 212 515 298 404

269 326 495 370 remedium
518 326 542 372 ὃ
557 333 651 373 tom
667 328 867 385 capitulo
885 327 1084 374 laudabile
1097 358 1114 381 ,
1142 331 1183 371 δι
1194 332 1249 371 ob

268 383 375 441 spem
389 386 442 429 de
457 387 735 444 perpetuando
749 388 1003 443 imposterum
1020 391 1124 430 inter
1138 388 1246 440 hujus

269 445 700 491 ProrineioeAlumnoa
713 448 908 502 suspirate
925 448 1139 490 harmoniae
1150 447 1251 488 flore

271 514 512 560 conceptam
540 505 792 562 acceptabile
818 505 1017 561 judicaret
1037 533 1053 557 ‚
1083 506 1249 560 inopino

269 564 319 606 P.
336 563 549 606 Generalis
576 563 723 605 dietam
753 563 1034 606 alternativam
1064 564 1115 605 ad
1148 562 1248 605 iblos

269 620 333 663 sex
347 634 471 664 annos
486 621 698 664 limitatam
712 624 880 678 proponi
896 620 1018 673 fecit,
1046 622 1143 677 quin
1160 634 1247 662 mo·

268 679 355 724 tiva
367 707 383 730 ,
413 693 500 734 que
510 692 605 720 eum
635 680 687 722 de
709 679 903 722 facultate
930 681 1063 721 Emin.
1081 679 1173 720 VV.
1207 680 1246 718 in

267 747 512 792 perpetuum
536 738 764 779 executioni
787 736 915 779 danda
941 736 1247 782 abstrahebant,

268 796 292 835 a
306 793 502 847 Capitulo
524 796 726 848 penetrari
749 795 978 848 potuerint.
1010 794 1112 835 Inde
1124 794 1245 846 Capi·

268 852 398 892 tulum
425 851 647 904 previdens
660 879 677 902 ,
706 852 814 905 quod
842 851 926 893 tale
951 861 1245 906 temperamen-

268 920 354 949 tum
370 909 583 949 Prorinciae
597 908 932 962 tranquillitatem
947 917 1246 960 permanentem

267 967 367 1007 dare
383 976 466 1006 non
481 965 631 1019 pollet,
661 968 707 1008 Ρ.
721 965 971 1009 Gener-alem
986 977 1064 1024 pro
1079 965 1245 1019 projecti

265 1023 509 1065 executione
520 1048 535 1071 ‚
565 1022 686 1079 usque
702 1023 796 1066 dum
811 1034 948 1079 partes
967 1023 1106 1067 melius
1122 1036 1246 1077 nego-

268 1084 372 1123 tium
384 1080 669 1126 examinafl‘enr
682 1108 700 1134 ,
729 1079 1000 1138 suspendenda
1025 1079 1220 1136 rogarunt
1232 1108 1246 1123 .

267 1147 327 1182 ει
351 1151 436 1195 quo
459 1150 621 1183 maturo
642 1139 790 1195 judicio
816 1140 839 1198 (
854 1141 944 1185 Deo
966 1141 1041 1183 lint
1069 1138 1249 1198 laudes)

264 1211 407 1240 omnes
421 1196 510 1242 duc
523 1210 660 1255 partes
674 1201 713 1242 in
728 1201 806 1244 boc
820 1199 947 1243 solum
957 1225 972 1248 ‚
1001 1198 1161 1242 &idem
1174 1201 1246 1241 ab·

262 1255 399 1315 jerunt
415 1259 685 1314 propomam,
713 1259 822 1315 quod
839 1256 1161 1303 EE-Vellrarum
1176 1260 1244 1302 be-

264 1315 510 1371 nignitatem
533 1317 752 1372 implorare
769 1319 928 1370 velino,
954 1329 1147 1374 quatenus
1161 1320 1246 1362 Ca·

266 1373 421 1428 pucinis
436 1376 654 1419 Provincia:
679 1379 722 1420 S.
735 1378 896 1420 Nicolai
910 1377 1090 1420 Barenfis
1118 1374 1246 1420 facul·

264 1441 395 1474 tatem
422 1434 647 1478 concedere
671 1435 890 1491 dignentur
913 1434 1091 1491 eligendi
1116 1436 1245 1491 Supe-

262 1490 417 1533 riorem
446 1492 743 1536 Provincialcm
768 1496 950 1551 quolibet
980 1495 1156 1538 triennio
1185 1495 1237 1539 al·

264 1549 496 1601 ternatire,
525 1549 663 1603 idest,
694 1566 771 1596 una
788 1555 877 1597 vice
901 1567 951 1596 ea
970 1566 1075 1604 una,
1105 1554 1146 1595 dt
1167 1553 1246 1597 alia

264 1607 353 1651 vice
376 1620 425 1650 cx
436 1609 559 1652 altera
577 1620 720 1665 parte,
751 1610 861 1655 salvo
876 1612 1029 1667 semper
1041 1610 1162 1655 solito
1175 1609 1246 1655 usu

263 1666 306 1707 δι
320 1668 430 1720 praxi
451 1667 630 1723 eligendi
643 1679 818 1726 quatuor
833 1670 1079 1714 Diffinitores
1093 1697 1109 1720 ,
1139 1671 1245 1714 duos

262 1724 457 1769 videlicet
483 1741 558 1783 pro
569 1729 752 1783 qualibet
769 1740 899 1782 parte,
915 1742 1008 1770 cum
1023 1727 1170 1781 justitia
1182 1726 1243 1771 di·

264 1781 474 1826 stributiva
486 1813 501 1835 ‚
532 1787 684 1838 pariter
710 1786 934 1828 Custodem
963 1798 1039 1839 pro
1064 1785 1247 1840 qualibet

262 1853 381 1895 parte
393 1872 407 1894 ,
422 1843 500 1884 firc
522 1843 817 1887 Provincialem
831 1871 846 1894 ‚
878 1842 1246 1886 fivchneralem,

264 1913 447 1955 tempore
463 1901 643 1956 Capituli
654 1903 868 1945 Generalis
896 1910 1141 1946 occurrente
1167 1902 1244 1945 eli·

260 1960 402 2012 gendi.
422 1959 604 2009 Moti-a,
633 1974 720 2014 quae
746 1961 1024 2017 infrascriptos
1048 1963 1244 2004 Oratores

261 2018 311 2057 ad
342 2016 552 2069 petendam
574 2018 622 2060 ab
642 2021 726 2063 ΕΕ.
741 2014 894 2064 νεθτὶέ
917 2022 1017 2063 hanc
1042 2019 1241 2076 gratiam..

259 2074 508 2121 induxerunt
523 2104 535 2124 ‚
563 2074 650 2120 sunt
662 2104 677 2128 ,
706 2079 815 2135 quod
833 2081 914 2124 boe
927 2081 1067 2123 medio
1080 2091 1161 2121 non
1177 2076 1242 2121 so-

260 2132 342 2176 lum
356 2149 437 2179 non
452 2136 572 2186 tolli,
585 2135 649 2181 ἠδ
662 2150 828 2181 econtra
842 2137 1041 2196 Capitulo
1053 2137 1140 2180 dari
1153 2150 1243 2180 cre.

258 2193 358 2235 dant
389 2194 622 2239 libertatem
650 2197 829 2252 eligendi
854 2197 951 2241 illos
974 2197 1208 2252 Superiores
1224 2223 1240 2248 ,

261 2264 363 2308 quos
373 2252 563 2298 meliores
574 2252 853 2312 reputaverint
865 2285 882 2308 ,
901 2257 943 2299 ὰ
954 2256 1022 2312 qui
1039 2268 1239 2311 uunquam

258 2310 323 2353 vel
350 2313 420 2354 uni
447 2311 510 2355 vel
525 2312 650 2357 alteri
674 2315 779 2368 parti
803 2313 994 2359 deficiunt
1008 2342 1022 2356 .
1053 2315 1241 2370 Cumque

257 2368 306 2411 fit
321 2370 527 2413 notorium
538 2373 686 2427 absque
697 2372 941 2416 alternativa
952 2382 1163 2430 perpetua,
1171 2386 1239 2415 ot·b

257 2426 418 2470 dinarie
430 2430 673 2485 gnbernium
687 2431 727 2475 in
741 2431 810 2474 illa
826 2433 1024 2488 partium,
1052 2444 1141 2487 qut
1154 2431 1240 2474 sor-

257 2496 341 2529 tem
356 2489 609 2542 gubernandi
620 2490 875 2547 acquiiirerit
888 2518 905 2542 ,
935 2489 1020 2534 fieri
1033 2504 1125 2534 cum
1140 2503 1218 2547 prae

258 2543 409 2600 judicio
425 2548 648 2590 Provinciae
660 2575 676 2598 ,
704 2561 797 2591 cum
820 2548 971 2591 damno
978 2549 1236 2606 Jurcntutis‚

256 2615 342 2658 qua
368 2602 662 2658 cuminjtiflitia
677 2606 854 2663 respectu
880 2620 1052 2658 eorum,
1080 2608 1149 2664 qui
1163 2608 1238 2650 de·

258 2662 396 2704 berent
408 2661 531 2719 eligi,
560 2664 601 2707 δι
621 2664 883 2721 perspiritum
896 2663 1080 2710 factionis
1100 2665 1235 2710 exclu-

257 2720 441 2771 duntur,
470 2724 668 2767 Oratores
679 2725 847 2769 obtenta
875 2726 1116 2770 alternativa
1131 2753 1145 2777 ‚
1177 2723 1242 2780 ju-

260 2777 404 2821 stitiam
420 2780 473 2822 ita
486 2781 590 2827 bene
600 2783 765 2827 divisam
778 2783 866 2827 fore
879 2781 1036 2841 sperant
1047 2810 1063 2833 ‚
1084 2795 1127 2827 ut
1145 2785 1217 2827 Fra

257 2847 342 2881 tres
368 2838 573 2896 utriusque
598 2844 721 2897 partis
738 2844 891 2901 majore
913 2843 1005 2887 zelo
1020 2843 1239 2887 Provincia

259 2894 409 2939 servire
422 2922 437 2946 ‚
466 2899 504 2942 δι
523 2900 734 2945 Provincia
761 2903 799 2944 in
816 2913 1058 2959 perpetuum
1082 2900 1148 2945 sua
1166 2915 1236 2957 pa·

258 2967 304 2995 ce
334 2955 371 2995 ὰ
405 2957 628 3000 concordia
656 2956 733 3003 frui
767 2959 910 3013 pomer
923 2988 939 3004 .
971 2961 1237 3006 Conditiones

263 3023 369 3068 pure
395 3014 435 3055 ὰ
450 3013 646 3069 limplices
660 3047 674 3069 ,
704 3018 848 3076 quibus
864 3019 1011 3064 electio
1022 3019 1234 3064 alternati·

263 3084 309 3112 aa
333 3067 487 3115 firmari
503 3074 672 3120 deberet
687 3105 704 3130 ‚
733 3077 843 3123 salvo
857 3077 1013 3136 semper
1027 3079 1237 3124 meliore„

261 3129 346 3197 Eli·
365 3131 456 3173 VV.
488 3132 641 3189 judicio
663 3164 678 3188 ,
724 3134 874 3194 pulsent
903 3135 981 3181 effe
1006 3134 1236 3195 sequentes:

258 3189 389 3232 ΡΜ·
402 3216 422 3241 ο
450 3201 494 3235 ttt
514 3206 585 3246 per
605 3196 807 3253 integrum
830 3196 1047 3240 triennium
1067 3194 1236 3240 Provin-

257 3247 408 3315 cialatu
422 3248 491 3294 illa
507 3253 600 3296 Pars
613 3281 631 3305 ,
661 3255 727 3297 cui
743 3252 852 3298 sorte
863 3256 1050 3311 obtinget
1062 3283 1078 3307 ‚
1108 3255 1146 3298 δι
1163 3267 1236 3310 per

256 3306 366 3349 aliud
381 3310 600 3354 triennium
613 3312 737 3357 altera
755 3326 846 3369 pars
859 3310 939 3356 srui
956 3313 1067 3368 possit
1081 3339 1097 3362 2
1126 3314 1167 3355 ἃ
1179 3325 1236 3356 ¹¹⁸

256 3363 499 3411 alternative
515 3369 834 3416 Provincialatns
848 3372 1032 3429 quolibet
1062 3372 1237 3415 triennio

256 3425 306 3467 ab
331 3438 408 3469 una
424 3439 541 3483 parte
566 3429 617 3472 ad
632 3429 753 3475 aliam
763 3429 1010 3475 devolvatur
1036 3430 1076 3473 in
1093 3443 1235 3487 perpe·

259 3492 370 3525 tuum
382 3497 397 3526 ε
418 3488 602 3531 secunda
618 3515 631 3538 ‚
644 3500 689 3533 ut
705 3487 792 3535 casu
804 3517 822 3544 ,
838 3489 1131 3535 Provincialem
1144 3502 1232 3533 uio-

261 3543 294 3602 'ss
313 3567 329 3589 ι
356 3555 422 3586 aut
445 3547 487 3589 io
502 3546 701 3604 capitulo
712 3548 959 3593 intermedio
973 3549 1123 3606 deponi
1135 3562 1231 3592 con-

259 3608 452 3652 ''fisseftb
464 3606 564 3650 alius
578 3605 756 3660 ejusdem
772 3609 900 3652 Partis
914 3610 1112 3665 eligatur,
1127 3606 1151 3650 sn
1167 3622 1237 3652 au-

258 3665 338 3696 tem
354 3661 505 3710 MC·
536 3665 679 3710 'tulum
695 3667 979 3713 intermedium
993 3678 1239 3721 moreretur,

260 3725 296 3751 ⁸⁰
309 3678 635 3789 &lusu-oxea&
648 3738 909 3783 computetur
921 3728 1139 3770 triennium
1155 3739 1232 3782 pro

257 3768 325 3811 ¹¹¹⁸
340 3786 454 3828 rme
470 3807 484 3831 ‚
515 3794 625 3836 ευμιι
641 3795 728 3828 erat
748 3785 1012 3829 l’rovincialis
1028 3811 1043 3837 ‚
1059 3798 1135 3831 ccu
1148 3796 1229 3829 ter·

1036 181 1553 271 Monumenta

1311 329 1503 367 minatum
1530 354 1546 378 ‚
1575 324 1815 381 &eligatur
1839 321 1942 364 alius
1971 322 2132 365 alterius
2160 321 2290 378 partis

1310 386 1596 428 provincialis:
1630 385 1768 426 Tertia
1783 411 1797 434 ‚
1816 394 1860 424 ut
1877 381 2062 436 quelibet
2085 395 2173 435 pars
2188 379 2293 424 scm·

1310 459 1381 498 per
1396 443 1598 499 equaliter
1611 445 1712 485 duos
1728 444 1848 484 habet
1865 438 2115 482 Definitores
2130 444 2291 499 :Qar—

1308 514 1349 544 ta
1363 528 1379 550 ‚
1412 515 1455 544 ut
1472 502 1690 544 Guardiani
1716 501 1918 556 eligantur
1935 500 2059 542 modo
2078 495 2257 552 sequenti
2274 527 2289 550 ,

1310 561 1501 602 videlicet
1514 586 1529 607 ,
1560 559 1600 600 in
1615 560 1811 617 Capitulo
1826 588 1840 610 ,
1872 559 1911 600 in
1927 571 2008 613 quo
2023 568 2153 597 novus
2171 556 2290 611 cligi-

1306 629 1376 661 tur
1391 619 1677 670 Provincialis,
1709 616 1995 661 Definitorium
2018 612 2288 658 facultatem..-

1310 678 1450 719 habeat
1465 677 1638 731 eligendi
1664 677 1893 734 quindecim
1911 675 2171 719 Guarduanos
2187 697 2202 721 2
2219 672 2289 726 qui

1307 735 1381 775 sint
1408 736 1529 787 partis
1546 736 1813 779 Provincialis
1828 762 1843 787 ‚
1874 736 1914 778 in
1929 733 2130 788 Capitulo
2154 741 2293 773 autem

1307 792 1555 834 intermedio
1582 795 1885 847 quatuordecim
1916 794 2067 837 tantum
2085 819 2100 842 ‚
2129 791 2171 834 δι
2197 791 2288 832 itt.»

1306 847 1460 901 semper
1482 848 1531 890 ad
1547 850 1759 903 tollenda,
1787 866 1874 907 quae
1899 853 1998 895 oriri
2013 850 2165 907 poffent
2182 876 2196 900 ,
2225 848 2290 892 in·

1306 907 1583 949 convenientia
1612 909 1898 952 continuetur.
1929 912 2087 966 Quinta
2107 936 2121 958 a
2155 919 2229 959 ut,
2258 907 2289 950 ss

1306 963 1520 1006 Provincia
1553 966 1652 1007 hanc
1686 967 1923 1012 electionem
1961 969 2244 1012 alternativam
2272 993 2290 1018 ,

1306 1034 1428 1074 quam
1443 1020 1522 1074 jam
1535 1022 1675 1065 utilem
1689 1025 1731 1066 δι
1743 1026 1991 1070 necessariam
2006 1025 2184 1083 agnoscit
2199 1052 2215 1077 ‚
2242 1025 2285 1068 in

1307 1078 1482 1121 futurum
1498 1093 1579 1121 non
1594 1082 1847 1123 neccflariam
1859 1109 1875 1132 ,
1904 1087 1946 1126 &
1960 1087 2033 1127 Dei
2047 1085 2178 1128 cultui
2192 1110 2206 1133 ‚
2235 1096 2284 1125 ae

1307 1139 1416 1180 bono
1434 1139 1598 1191 publico
1612 1138 1931 1194 praeiudicantem
1947 1141 2127 1184 censeret
2142 1169 2158 1193 ,
2189 1143 2285 1184 nuic

1306 1201 1438 1240 Sacrae
1453 1198 1776 1252 congregationi
1795 1197 1914 1241 alium
1931 1197 2115 1243 libellum
2139 1198 2285 1255 suppli.

1303 1270 1399 1298 cem
1422 1253 1654 1310 prasentare
1682 1271 1762 1301 non
1780 1257 1922 1312 ponit,
1952 1260 2051 1315 quin
2076 1260 2101 1302 a
2126 1261 2287 1302 P·Pro·

1305 1313 1473 1358 vinciale
1486 1328 1580 1357 cum
1592 1326 1769 1372 quatuor
1782 1315 2074 1360 Definttoribus
2088 1343 2101 1365 ,
2127 1317 2167 1359 &
2186 1315 2290 1360 dua-

1304 1374 1375 1415 bus
1391 1374 1517 1416 tertiis
1533 1375 1862 1419 Guardianorum
1878 1402 1893 1426 ‚
1923 1374 2163 1432 majorisque
2189 1387 2284 1430 par-

1303 1433 1354 1474 tis
1372 1432 1668 1488 Religiosorum
1686 1435 1906 1479 Provincia
1918 1434 2028 1491 juxta
2044 1433 2250 1478 cautelam
2264 1461 2283 1483 ‚

1305 1492 1344 1533 in
1357 1492 1536 1547 praesenti
1552 1493 1731 1536 instantia
1758 1493 1982 1537 adhibitam
1994 1521 2011 1546 ,
2026 1492 2070 1536 lit
2100 1491 2281 1535 firmatus

1304 1565 1360 1593 =
1390 1555 1510 1593 Sacra
1536 1551 2286 1608 Congregatio*'Eminentiffimorum,

1304 1612 1345 1652 8ι
1362 1609 1794 1654 Reverendiffimorum
1821 1615 1862 1654 S.
1878 1613 1930 1654 R.
1947 1615 1993 1655 E.
2008 1609 2289 1654 Cardinalium

1308 1679 1445 1723 negot·
1457 1668 1728 1714 &consultae
1746 1670 2036 1725 Episcoporum
2049 1670 2089 1711 δι
2108 1668 2290 1725 Regula·

1307 1729 1413 1770 rium
1431 1725 1637 1780 praepofita
1648 1757 1662 1779 ,
1691 1739 1846 1772 attenta
1862 1728 2063 1771 relatione
2079 1730 2120 1770 Ρ.
2136 1730 2292 1770 Procu-

1306 1787 1453 1828 ratoris
1481 1786 1694 1829 Generalis
1708 1813 1724 1837 ,
1753 1786 1958 1830 referente
1971 1785 2292 1829 Eminentillimo

1309 1843 1490 1885 Domino
1511 1843 1733 1885 cardinale
1757 1844 1919 1899 Spinola
1940 1848 2123 1888 Ponente
2136 1869 2152 1892 ,
2183 1845 2288 1898 peti-

1306 1911 1390 1941 tam
1413 1898 1698 1942 alternativam
1720 1915 1793 1956 per
1805 1902 1950 1945 decem
1975 1902 2148 1945 triennia
2170 1902 2287 1945 beni·

1303 1958 1380 2014 gne
1394 1959 1598 2015 impertita
1612 1958 1695 2012 τῆς
1726 1961 1788 2003 Ita
1804 1970 1939 2005 tamen
1951 1989 1967 2013 ,
1981 1973 2025 2004 ut
2042 1958 2201 2016 lingulis
2216 1973 2287 2003 ca-

1301 2017 1442 2073 pitulis
1454 2018 1709 2062 celebrandis
1733 2019 1773 2062 in
1787 2018 1956 2064 decursu
1980 2021 2147 2076 triginta
2161 2032 2288 2063 anno·

1301 2089 1392 2119 rum
1422 2075 1591 2120 viciffim
1621 2077 1796 2136 eligatur
1835 2080 1874 2122 in
1907 2080 2068 2136 lingulis
2098 2079 2288 2122 trienniis

1302 2135 1566 2180 provincialis
1595 2151 1688 2181 cnm
1722 2137 1879 2182 duobus
1912 2137 2205 2182 Definitoribus
2236 2149 2291 2180 ex

1300 2208 1377 2237 una
1400 2205 1549 2252 parte,
1578 2197 1620 2239 dr
1651 2195 1737 2241 duo
1770 2196 2015 2242 Definitores
2041 2211 2091 2241 ex
2119 2198 2245 2242 altera
2268 2220 2286 2247 ,

1300 2254 1408 2308 quod
1434 2255 1563 2297 etiam
1593 2254 1741 2299 servari
1774 2257 1920 2300 debeat
1951 2259 1990 2301 in
2019 2255 2288 2301 electionibus

1300 2313 1656 2369 Guardianorum3
1689 2313 1876 2358 videlicet
1906 2328 1979 2370 per
1996 2313 2287 2359 Definitorium

1298 2384 1378 2428 pro
1392 2381 1579 2425 tempore
1591 2371 1784 2415 medietas
1796 2372 2124 2416 Guardianorum
2139 2383 2188 2414 ex
2201 2383 2280 2414 una

1300 2440 1415 2487 parte
1428 2429 1603 2486 eligatur
1614 2458 1631 2482 ,
1654 2430 1695 2472 δι
1708 2430 1901 2475 medietas
1913 2443 1965 2473 ea
1977 2430 2105 2474 altera
2116 2456 2131 2478 ‚
2143 2430 2183 2471 δι
2196 2431 2286 2472 suc-

1299 2485 1443 2532 cessive
1470 2490 1527 2531 ita
1555 2487 1815 2531 servandum.
1857 2490 1956 2588 ἳιιὸ
1985 2489 2083 2532 verb
2108 2486 2159 2530 ad
2188 2486 2286 2531 alias

1298 2547 1512 2590 electiones
1526 2573 1542 2598 ,
1570 2547 1611 2588 er
1626 2546 1870 2602 proviliones
1913 2557 1981 2589 ant
1999 2549 2021 2589 a
2041 2545 2281 2590 Definitorio

1299 2604 1404 2661 juata
1435 2602 1545 2648 suum
1575 2604 1813 2662 prudentem
1845 2605 1977 2649 zelum
1995 2636 2009 2657 ,
2039 2607 2079 2648 Bt
2106 2603 2287 2647 ebarita-

1302 2675 1385 2706 tem
1402 2688 1416 2710 s
1448 2662 1635 2719 iustitiam
1652 2663 1974 2714 distributivam,
2002 2666 2044 2708 ez
2066 2663 2287 2707 notitiam..

1301 2722 1599 2777 Religiosorum
1618 2723 1742 2779 magis
1759 2722 1952 2766 babiltum
1980 2724 2028 2767 ad
2045 2722 2125 2766 alia
2144 2734 2286 2764 mune·

1301 2795 1371 2830 ra,
1390 2781 1431 2823 dt
1444 2780 1575 2825 officia
1593 2779 1767 2834 eiusdem
1784 2781 2026 2836 Provincias3
2060 2785 2103 2824 ln
2118 2779 2284 2836 reliquis

1297 2840 1428 2898 quoad
1447 2841 1683 2895 Capitulum
1714 2842 2027 2889 intermedium,
2057 2840 2096 2884 δι
2123 2839 2162 2890 in
2189 2835 2283 2882 casu

1297 2899 1607 2943 renuntiationis
1619 2928 1634 2950 ‚
1647 2901 1688 2943 dt
1701 2900 1844 2943 mortis
1861 2901 1902 2942 Ρ.
1910 2896 2187 2946 Provincialis,
2201 2895 2285 2940 sera·

1299 2958 1565 3015 vetur‚quod
1580 2957 1811 3016 dispolitum
1835 2956 1907 3002 fuit
1936 2972 2010 3015 pro
2036 2955 2283 3000 Provincia-0

1299 3018 1572 3071 Neapolitana
1585 3044 1600 3067 ,
1630 3016 1699 3060 nili
1731 3018 1847 3061 aliter
1876 3030 1944 3072 pet
1974 3017 2093 3073 ipsam
2121 3018 2284 3060 Sacram

1298 3078 1389 3119 Con
1420 3077 1670 3132 regatiouem
1685 3075 1969 3131 provideatur.
1992 3078 2128 3118 Rome
2154 3073 2283 3130 prima

1299 3087 1448 3188 Asinii·
1467 3146 1717 3178 rancexut.
1745 3137 1796 3178 C.
1814 3138 1866 3178 Α.
1881 3132 2112 3179 cardinalis
2127 3130 2278 3176 caval-

1297 3194 1406 3237 cbini
1435 3207 1493 3236 =
1515 3190 1658 3250 loseph
1673 3194 1800 3236 Maria
1833 3190 2164 3248 Arcbiepiseopus
2197 3192 2280 3233 Da-

1297 3252 1409 3296 masc.
1423 3259 1672 3298 secretarius
1699 3267 1756 3295 =
1788 3254 1970 3311 Locos&
1985 3249 2117 3308 sigini
2140 3262 2198 3292 s=
2220 3259 2280 3290 =

1296 3315 1402 3355 Cum
1415 3310 1665 3359 autetmstcut
1681 3313 1775 3355 dieti
1789 3311 2050 3369 Exponentes
2064 3308 2191 3353 Nobis
2203 3318 2281 3349 nu·

1296 3384 1368 3428 per
1392 3373 1534 3428 exponi
1562 3369 1775 3425 fecerunt,
1806 3371 1875 3426 ipli
1894 3371 2112 3414 Decretum
2138 3361 2272 3420 buius-

1295 3428 1435 3483 modi,
1465 3431 1546 3488 quo
1561 3427 1710 3474 firmius
1726 3429 1897 3473 subliflat
1909 3454 1923 3478 ‚
1934 3430 1975 3471 dr
1989 3424 2165 3470 servetur
2181 3435 2276 3467 exa·

1292 3489 1395 3532 stitis
1409 3517 1424 3541 ,
1455 3488 1694 3546 Apostolica
1706 3486 2025 3532 confirmationis
2049 3481 2187 3527 nostrat
2201 3495 2274 3537 pa-

1291 3548 1472 3593 trocinio
1483 3548 1724 3591 communiri
1747 3545 1995 3598 summopere
2015 3541 2239 3586 deliderent
2257 3567 2270 3582 ·

1301 3611 1389 3651 Nos
1403 3607 1505 3675 ipsos
1523 3608 1784 3705 Exponenrea
1797 3602 2028 3660 specialibus
2045 3600 2247 3644 favoribus
2258 3626 2274 3650 ,

1297 3672 1336 3709 ὄι
1350 3668 1491 3724 gratiis
1503 3677 1578 3720 pro
1592 3665 1684 3720 equi
1701 3664 1880 3705 volentes
1892 3686 1907 3711 ,
1936 3661 1972 3704 δι
1985 3673 2128 3704 eorum
2144 3659 2271 3724 singu·

1293 3728 1398 3770 lares
1415 3724 1600 3780 personas
1622 3730 1644 3767 a
1669 3720 1870 3777 quibusvis
1888 3718 2271 3763 excommunicatio·

1289 3787 1349 3828 ni»
1363 3788 1441 3827 dac.
1471 3779 1720 3825 absolventes
1737 3809 1751 3831 ,
1783 3781 1825 3822 δι
1852 3777 2051 3823 absolutas
2079 3777 2164 3877 sor?
2181 3788 2275 3819 cen·

2159 3849 2226 3877 cn·
