2496 4172
999 101 1491 219 eApostolica'.

251 251 414 295 modum
431 250 600 306 suffragii
619 248 917 308 Indulgentiam
930 246 1192 304 consequatur
1205 275 1220 298 ‚

250 313 306 354 ita
322 323 366 352 ut
385 314 435 352 D.
453 311 546 365 N.J.
561 310 704 353 Christi
720 338 732 362 ‚
749 312 789 353 δι
804 307 1027 352 Beatiffimae
1043 309 1220 364 Virginis

248 370 378 413 Mariae
392 398 405 420 ,
438 373 752 424 Sanctorumque
775 370 950 412 omnium
972 368 1123 410 meritis
1154 366 1224 410 fibi

249 427 554 483 suffragantibus
568 428 591 469 ὲ
605 428 830 484 Purgatorii
845 426 974 482 poenis
996 426 1193 469 liberetur
1207 454 1223 478 ‚

248 489 424 544 benigne
439 486 642 540 conceffit,
655 498 775 543 atque
788 484 1047 533 indulfit2non
1063 484 1223 528 obstan-

2012 154 2190 238 409

1281 264 1360 307 que
1378 280 1390 302 ,
1406 250 1584 306 prasenti
1602 254 1783 296 Decreto
1798 257 1837 299 in
1851 270 2086 315 perpetuum
2104 269 2254 310 valitu-

1281 325 1331 352 ro
1345 336 1357 350 .
1384 311 1609 366 voluitque
1627 311 1823 353 saunitas
1845 318 1922 357 Sua
1938 346 1954 367 ,
1968 320 2068 362 banc
2082 326 2251 376 gratiam

1282 369 1427 424 absque
1440 368 1524 411 ulla
1539 369 1676 412 Brevis
1689 369 1946 423 expeditione
1959 378 2182 433 suffragari,
2196 379 2254 421 la.

1280 428 1479 484 pideoque
1494 440 1756 471 monumento
1770 428 1930 471 inscribi
1946 456 1958 470 .

1400 488 1550 529 Datum
1566 489 1707 530 Romae
1722 486 1799 528 &c.

247 548 411 590 tibusin
425 548 672 590 contrarium
703 545 947 589 facientibus
969 543 1223 600 quibuscum.
1280 558 1282 561 ·

1000 675 1512 741 NOTA

236 861 238 863 ·
371 841 497 882 Ctum
511 835 568 880 est
581 835 633 879 de
657 834 909 879 Monasteriis
921 836 962 877 δι
978 836 1245 891 Monialibus',
1259 850 1345 893 quae
1361 837 1545 895 praedie‘ta
1563 840 1695 897 gratia
1711 837 1902 883 fruuntur
1914 848 2080 893 ,καφ
2096 837 2257 881 Bullar.

389 894 539 954 fol-60.
557 896 623 937 ubi
643 893 857 950 cujuslibet
873 894 1100 938 Monasserii
1114 896 1258 939 Altare
1275 897 1572 952 privilegiatum
1589 898 1638 940 ad
1654 899 1902 953 septennium
1920 922 1936 945 a
1959 898 1999 940 δι
2015 910 2132 940 unam
2155 897 2258 938 heb-

243 955 426 997 domadae
445 952 582 998 feriam
597 955 671 995 ἃς.
688 951 908 996 ιείῒτίξὶιιπι
924 952 1072 1008 legitur
1088 984 1101 994 .
1131 955 1323 1011 Amplior
1352 955 1398 997 iis
1413 969 1485 1012 per
1497 956 1784 1013 suprapofitum
1814 959 2034 999 Decretum
2063 955 2142 1011 jam
2158 968 2258 997 con-

244 1011 344 1055 cessa
357 1013 411 1055 est
429 1014 560 1068 gratia
576 1041 590 1065 ,
608 1024 695 1054 tum
710 1038 724 1062 ,
738 1011 845 1066 quod
862 1012 902 1053 in
918 1023 1159 1068 perpetuum
1180 1014 1329 1066 duret,
1365 1024 1450 1057 tum
1474 1015 1583 1071 quod
1605 1016 1654 1059 ad
1681 1028 1972 1072 quamcumque
1993 1013 2255 1056 hebdomada

247 1069 390 1114 feriam
408 1071 487 1116 fine
504 1071 747 1113 limitatione
765 1067 809 1110 fit
826 1069 1011 1124 extensa,
1032 1073 1091 1114 uti
1105 1086 1155 1115 ex
1170 1074 1301 1116 verbis
1321 1075 1488 1117 Decreti
1501 1090 1556 1116 =
1571 1077 1900 1131 Quandocumque
1915 1074 2094 1116 sacerdos
2110 1072 2256 1127 aliquis

247 1131 460 1173 Saecularis
473 1157 487 1181 ‚
501 1131 564 1171 vel
578 1129 781 1185 Regulam
793 1128 954 1186 Mfflm
973 1138 1050 1183 pro
1062 1133 1196 1172 anima
1217 1131 1392 1189 ipsarum
1414 1134 1675 1185 Montanum,
1700 1146 1912 1187 earumque
1939 1130 2253 1190 Constmguineo-

243 1201 335 1232 rum
351 1188 432 1236 &a
447 1186 696 1230 celebraverit
712 1214 726 1237 ,
738 1201 794 1228 =
811 1197 1000 1242 patenter
1020 1189 1176 1231 eruitur
1188 1218 1200 1230 .

362 1245 591 1301 Quodlibet
606 1244 880 1301 praedictorum
893 1245 1227 1288 Monasteriorum
1245 1248 1406 1290 Decreti
1421 1249 1724 1304 Autographum
1758 1248 2006 1304 particulare
2023 1274 2038 1294 ‚
2051 1250 2090 1290 δι
2114 1246 2255 1289 distin-

242 1303 353 1346 'e'tum
380 1303 450 1346 sub
462 1301 618 1347 diversa
642 1302 744 1348 Dat&
759 1330 774 1354 ,
793 1304 834 1345 δι
847 1313 1005 1347 mutato
1016 1304 1138 1347 etiam
1152 1318 1237 1348 uno
1253 1306 1317 1350 vel
1330 1306 1460 1349 altero
1476 1306 1602 1352 verbo
1622 1307 1853 1363 expeditum
1869 1334 1885 1357 ‚
1901 1307 1998 1350 ficut
2011 1308 2053 1348 δι
2064 1312 2254 1359 ειυιοςτειό

235 1364 367 1421 'phum
382 1361 549 1404 Decreti
561 1361 761 1418 sequentis
774 1359 939 1405 asservat
955 1390 969 1404 .

241 1595 426 1647 'Altaria
443 1599 599 1647 omnia
617 1595 922 1648 Ecclefiarurn
938 1598 1216 1647 Monialium
1278 1619 1282 1621 “

227 1676 234 1685 ’
305 1665 626 1733 ρτκάἱᾶειηιω
659 1682 743 1733 pro
770 1665 1005 1716 animabus
1036 1666 1215 1716 Monia-

228 1738 234 1741 “
306 1735 424 1787 lium
442 1733 761 1787 defunctarum
775 1736 821 1785 in
840 1734 913 1786 die
926 1732 1108 1794 obitus,
1139 1737 1215 1786 vel

307 1806 395 1856 alia
427 1804 500 1855 die
515 1798 682 1873 pariter
697 1806 743 1855 in
770 1804 1046 1875 perpetuum
1077 1807 1215 1874 privi-

306 1876 564 1945 legiantur.

366 2001 661 2047 Dhumillimas
690 2016 827 2059 preces
853 2002 1143 2060 Superioriffae,
1175 2007 1215 2048 δι

396 2062 633 2105 Monialium
652 2062 782 2107 Tertii
810 2063 975 2107 Ordinis
993 2065 1034 2106 S.
1052 2066 1215 2107 Franci·

235 2118 291 2161 sci
306 2149 321 2171 ,
351 2121 643 2178 Capucinarum
658 2130 978 2176 nuncupatarum
994 2122 1212 2174 ‚Monafle-

234 2178 285 2220 rii
300 2180 354 2222 N.
370 2179 469 2223 Loci
490 2182 544 2221 N·
560 2179 696 2223 Dioec.
713 2182 767 2223 N.
795 2179 1056 2224 Sanetiffimus
1073 2182 1212 2225 Domi·

236 2249 312 2278 nus
340 2237 474 2283 noster
501 2237 736 2280 Benedictus
760 2239 871 2280 XIV.
902 2239 1124 2284 clementer
1149 2240 1208 2282 in·

233 2291 379 2341 dulfit,
392 2303 598 2337 ut-omnes
615 2296 654 2336 δι
667 2295 823 2350 fingulae
845 2296 963 2339 Miss'ae
984 2326 998 2349 ‚
1022 2312 1106 2355 quae
1117 2297 1205 2354 jux-

233 2357 278 2392 ta
308 2362 444 2394 earum
462 2351 790 2394 constitutiones
816 2366 891 2407 pro
914 2355 1044 2397 anima
1077 2354 1206 2411 eujus·

232 2421 406 2464 cumque
432 2409 618 2455 Monialis
640 2409 871 2454 Monasserii
892 2410 1095 2467 ejusdem,
1123 2427 1207 2469 quae

233 2469 329 2511 Deo
344 2469 384 2508 in
408 2467 606 2513 charitate
620 2467 832 2524 conjuncta
854 2468 905 2510 ab
927 2470 1000 2513 hae
1015 2471 1104 2513 luce
1130 2473 1199 2514 mi-

235 2524 412 2580 graverit
427 2549 443 2572 ‚
465 2524 506 2567 in
530 2525 855 2576 earum-obitus,
870 2526 936 2567 vel
951 2527 1030 2571 alia
1053 2527 1121 2572 die
1152 2528 1203 2572 ad

235 2582 518 2639 quodcumque
542 2581 682 2627 Altare
699 2583 883 2626 Ecclefiae
905 2583 1081 2650 ejusdem
1113 2588 1200 2630 Mo·

236 2641 388 2683 nasterii
403 2640 716 2685 celebrabuntur
727 2669 742 2693 ,
754 2643 892 2685 animae
903 2643 1111 2698 ejusmodi,
1131 2659 1207 2702 pro

237 2713 316 2756 qua
332 2699 539 2743 celebratae
555 2693 724 2752 fuerint,
737 2700 905 2756 proinde
926 2699 1207 2760 suffragentur,

227 2771 285 2800 ‘ac
301 2756 389 2801 fi'ad
404 2758 555 2800 Altare-
569 2757 869 2814 privilegiatum
894 2760 1104 2806 celebrant
1118 2762 1205 2806 fui(²

226 2815 324 2859 -sent
340 2831 353 2855 .’
365 2819 462 2858 Non
478 2814 723 2859 obstantibus
745 2819 784 2862 in
803 2821 1048 2863 contrarium
1062 2820 1203 2867 facien.

227 2871 697 2930 -tibus'quibufitumque,
721 2878 896 2933 presenti
929 2881 1107 2922 Decreto
1132 2882 1204 2926 in...

239 2934 477 2988 perpetuum
499 2931 710 2977 valituro.
753 2936 974 2991 voluitque
990 2940 1204 2983 nSanctitas

236 2993 315 3034 Sua
332 2991 434 3032 hanc
449 2990 616 3049 gratiam
632 2991 825 3051 suffragari
842 2993 986 3053 absque
1013 2997 1096 3043 ulla
1109 3001 1205 3042 Bre-

228 3051 295 3094 vis
315 3050 606 3102 expeditione*-
663 3079 667 3083 ‚
722 3081 725 3085 J
1175 3070 1179 3074 ’

354 3107 501 3152 Datum
524 3108 752 3156 Romoe&c.

946 3253 1206 3271 ’1-

458 3335 699 3389 Provincia
720 3337 957 3408 Tyrolenfir
967 3318 989 3391 ,Ι
1041 3319 1045 3323 .

233 3475 315 3526 Ad
339 3475 582 3528 Ecclefiam
610 3479 917 3530 Parochialem
940 3481 1030 3530 loci
1048 3478 1199 3531 Mona·

299 3545 421 3595 Herii
440 3546 467 3596 a
496 3549 918 3601 sanctimonialibus
946 3549 1068 3601 ord.
1093 3556 1198 3602 San-

300 3617 362 3666 &i
393 3617 623 3668 Benedicti
643 3622 875 3670 Fratribus
904 3618 1196 3672 Miffionariis

296 3686 728 3802 ibsslessffnoeffam
749 3706 849 3742 tum
879 3692 1191 3762 Indulgentias

370 3770 440 3800 om·
519 3785 531 3798 ο

1344 1598 1540 1648 Ordinis
1556 1631 1571 1654 ,
1602 1611 1704 1646 tum
1727 1596 2046 1664 quotidianum
2071 1596 2248 1646 Altaris

1342 1667 1639 1737 privilegium
1666 1667 1871 1718 extendit
1888 1703 1902 1716 .

1548 1805 1787 1874 Beattffi'me
1814 1806 1944 1857 Pate}
1958 1841 1974 1856 .
2004 1863 2010 1869 .

1375 1949 1425 1991 R.
1441 1946 1670 1992 Ludovicus
1687 1949 1711 1992 a
1724 1947 1902 1990 Taurino
1917 1973 1933 1998 ,
1955 1943 2121 1988 Ordinis
2150 1945 2248 1988 Min.

1274 1948 1358 2065 F
1393 2011 1434 2050 S.
1451 2005 1646 2050 Francisci
1662 2007 1961 2062 Capucinorum
1979 2007 2250 2056 Procurator,

1275 2081 1321 2108 ac
1336 2063 1637 2108 Commiffarius
1649 2064 1861 2108 Generalis
1880 2062 2106 2105 humillime
2125 2076 2250 2116 expo—

1275 2125 1335 2167 nit
1350 2125 1554 2166 Sanssitati
1571 2125 1731 2172 Vestra,
1746 2122 1922 2180 qualiter
1942 2122 2153 2164 Provincia
2167 2124 2248 2175 Ty.

1273 2183 1436 2226 rolenfis
1466 2181 1639 2237 ejusdem
1656 2182 1825 2225 Ordinis
1855 2181 1996 2222 habeat
2014 2181 2251 2223 Monchrti

1274 2243 1312 2284 in
1329 2241 1473 2283 Rbetia
1489 2238 2005 2296 Curien.Diec.Hospitium
2023 2237 2248 2292 aliquod,in

1265 2314 1347 2356 quo
1363 2301 1437 2343 ΡΡ.
1453 2298 1686 2342 Miffionarii
1708 2298 1928 2354 Apostolici
1964 2310 2036 2351 pro
2064 2296 2141 2339 illis
2158 2310 2249 2352 par·

1266 2359 1371 2401 tibus
1397 2368 1705 2401 commorantur
1728 2371 1741 2399 2
1775 2356 1962 2412 Hospitio
1999 2354 2058 2396 illi
2088 2369 2239 2398 annexa

1266 2416 1456 2473 equidem
1471 2414 1524 2460 est
1542 2430 1663 2472 parva
1684 2417 1867 2473 quadam
1892 2412 2095 2466 Ecclesia3
2117 2424 2156 2454 at
2176 2427 2246 2457 ve·

1263 2478 1328 2526 ro,
1345 2490 1437 2518 cum
1452 2474 1594 2519 eadem
1607 2474 1878 2532 copiostmum
1900 2471 2095 2528 populum
2122 2472 2247 2515 Chri-

1264 2534 1427 2576 stianum
1441 2532 1491 2575 ad
1503 2533 1648 2574 Sacras
1665 2531 1863 2576 Miffiones
1876 2530 2152 2573 confluentem
2178 2544 2246 2572 ca-

1267 2606 1359 2649 pere
1373 2600 1563 2645 nequeat,
1580 2591 1776 2632 Moniales
1786 2589 1953 2633 Ordinis
1966 2588 2004 2627 S.
2021 2586 2244 2640 Benedicti,

1267 2651 1434 2694 alteram
1449 2649 1547 2692 alias
1564 2647 1630 2690 fibi
1648 2649 1847 2706 propriam
1865 2676 1880 2700 ‚
1905 2659 2073 2702 eamque
2099 2645 2178 2690 loci
2195 2645 2244 2688 il-

1270 2710 1346 2753 lius
1362 2707 1638 2754 parochialem
1658 2707 1891 2756 Ecclefiam,
1905 2717 1990 2762 quae
2002 2704 2139 2747 medio
2153 2704 2245 2746 mil-

1266 2768 1355 2811 liari
1371 2769 1391 2810 ὲ
1412 2781 1533 2824 parva
1554 2766 1730 2822 Hospitii
1743 2763 1914 2809 Ecclefifi
1933 2762 1985 2806 est
2001 2762 2242 2816 diffita‚cum

1265 2828 1351 2884 jure
1364 2827 1571 2870 collaturae
1585 2827 1623 2867 in
1637 2835 1874 2881 perpetuum
1888 2818 2044 2864 cessere
2062 2821 2131 2877 ipfi
2157 2821 2241 2877 Ty-

1266 2885 1411 2930 rolens:
1431 2884 1734 2938 Capucinorum
1763 2881 1982 2927 Provinciae
1995 2909 2011 2933 ,
2031 2881 2086 2922 ita
2101 2890 2147 2924 ut
2166 2882 2239 2927 in,

1266 2947 1339 2987 hac
1359 2945 1460 2986 dicta
1478 2942 1658 2986 Ecclesia
1671 2944 1722 2985 ab
1744 2941 1851 2984 illius
1873 2940 2089 2983 Provinciae
2105 2940 2238 2994 Patri<

1263 3005 1355 3053 bus,
1368 3014 1556 3059 tanquam
1572 3002 1917 3052 Paroehis,omnes
1933 2997 2151 3040 funftiones
2169 3001 2240 3042 Pa-

1266 3061 1480 3114 roehiales,
1496 3060 1606 3104 fimul
1622 3071 1756 3103 autem
1777 3061 2013 3113 &tanquam
2030 3056 2236 3099 Miffiona-

1268 3120 1336 3163 riis
1353 3119 1594 3175 Apostolicis
1609 3132 1750 3162 omnes
1765 3116 1984 3159 functiones
2007 3114 2237 3157 Miflionum

1268 3190 1514 3235 peragantur
1528 3209 1542 3231 ,
1570 3193 1652 3235 quo
1673 3180 1782 3233 paeto
1798 3172 1978 3219 Ecclefia
1994 3172 2118 3215 isthac
2140 3172 2235 3214 vere

1266 3238 1349 3282 dici
1375 3239 1524 3295 poterit
1550 3237 1753 3293 Religioni
1780 3233 2078 3291 Capucinorum
2102 3229 2235 3285 quoad

1264 3298 1377 3341 usum
1396 3297 1593 3354 perpetuo
1608 3296 1791 3351 propria:
1823 3296 2048 3346 Eapropter
2060 3288 2236 3330 nonnul-

1264 3355 1292 3398 li
1318 3355 1593 3400 indubitanter
1617 3353 1789 3398 afferunt
1809 3380 1824 3402 ,
1850 3352 1891 3392 in
1904 3348 1954 3391 ca
1972 3347 2233 3392 Miffionunu

1250 3413 1436 3459 ‚Ecclesia
1452 3415 1585 3458 locum
1601 3414 1751 3456 habere
1768 3408 1971 3452 indultum
1987 3405 2084 3448 illud
2102 3404 2123 3445 a
2136 3407 2247 3448 San.'

1255 3473 1394 3516 &itate
1408 3473 1546 3516 Vestra
1561 3485 1633 3525 per
1647 3471 1783 3514 literas
1809 3465 2058 3522 Apostolicas
2080 3464 2118 3505 in
2146 3461 2233 3506 for-

1255 3544 1319 3573 ma
1336 3531 1471 3574 Brevis
1486 3531 1552 3574 die
1565 3543 1661 3572 xiv.
1678 3526 1882 3572 Februarii
1898 3532 2112 3568 muccun-
2127 3520 2229 3564 Pro-

1257 3589 1396 3630 vinciis
1409 3589 1707 3642 Capucinorum
1721 3587 1824 3629 ultra
1854 3592 2010 3625 montes
2033 3579 2228 3637 gratiosis·

1257 3647 1351 3689 sime
1374 3645 1598 3689 conceffum
1614 3672 1628 3694 ,
1644 3648 1794 3688 virtute
1807 3641 1922 3696 cuius
1937 3670 1952 3693 ‚
1965 3651 2049 3686 tam
2061 3641 2227 3686 Fratres

1255 3718 1380 3749 omnes
1406 3704 1571 3764 ejusdem
1593 3705 1748 3749 Ordinis
1775 3706 1839 3803 ἕξις
1850 3700 2059 3746 Provinciis
2071 3699 2227 3743 ultra..-

1735 3765 1765 3805 1³
2062 3770 2167 3799 mon-
