2496 4172
1065 121 1505 240 Apostolica
1529 187 1548 205 .

288 281 428 332 Vices
439 279 618 349 gerenti
642 279 807 348 Magni
824 280 973 328 Lamae
1007 274 1064 326 de
1091 275 1270 325 eximiis

355 366 528 401 naturae
558 351 742 400 dotibus
772 347 1009 415 applaudit
1027 381 1043 404 ,
1074 350 1148 395 Fr.
1165 347 1270 396 Ho-

355 426 525 472 ratium
538 422 563 469 ὲ
576 414 1272 478 Penna,MissionisPraefesturn,

359 510 470 542 cum
501 492 647 542 Sociis
678 489 943 539 redeuntem
961 522 976 544 ,
1002 505 1055 535 ac
1087 487 1268 536 liberta·

361 577 457 614 tem
474 561 754 631 Evangeli'cae
775 557 1106 628 praedicationis
1141 574 1264 607 com·

360 633 548 684 mendat
566 668 578 682 .

290 755 345 799 'A’
362 762 491 808 tergo.
507 750 719 807 Magnifica
741 752 844 800 Viro,
865 752 965 793 vices
984 746 1126 805 Magni
1146 750 1277 790 Lame

356 832 359 833 ⁷
482 814 642 867 gerenti
663 807 708 851 in
722 812 851 865 Regno
882 807 1040 854 Thibet.

293 920 760 976 CLEMENS
815 918 1061 969 PAPA
1107 920 1270 968 XII.

389 1036 600 1096 Magnifice
630 1040 721 1086 Vir,
736 1037 914 1094 sblutem
929 1065 943 1088 ,
972 1038 1020 1087 b·
1038 1037 1166 1079 lumen
1188 1066 1191 1069 -

610 1097 762 1151 Divin5
788 1094 934 1151 Gratis
949 1125 961 1137 .

406 1216 440 1257 A
457 1214 581 1259 multa
598 1214 650 1258 de
665 1217 757 1258 Tuo
772 1215 920 1270 erga-se
931 1242 945 1266 ‚
962 1212 1129 1270 suosque
1145 1211 1271 1254 socios

289 1217 390 1329 E
427 1274 461 1314 A
468 1273 682 1328 postolicos
699 1272 965 1317 Missionarios
978 1270 1178 1316 benevolo
1193 1269 1272 1312 stu·

291 1332 433 1380 dimac
449 1331 656 1373 voluntate
667 1332 796 1376 Nobis
810 1332 947 1375 retulit
962 1331 1132 1374 dilectus
1149 1325 1271 1381 filius,

293 1387 523 1431 franciscus
540 1390 769 1432 Horatiusa
785 1391 936 1442 Penna,
954 1390 1164 1448 Religiosae
1185 1390 1270 1430 Ca-

291 1445 537 1502 pucinorum
552 1446 709 1491 samiliae
726 1449 942 1502 Alumnus,
955 1462 1040 1505 quae
1054 1447 1269 1492 maximam

285 1504 390 1548 :ribi
415 1505 436 1546 a
453 1504 580 1548 Nobis
607 1507 774 1564 gratiam
789 1507 1102 1563 comparatum,
1128 1506 1268 1561 31⁹³th

288 1561 509 1619 limamque
524 1565 600 1606 Tui
618 1565 804 1608 Nominis
819 1566 1052 1609 memoriam
1066 1560 1172 1620 apud
1185 1567 1273 1607 Nos

292 1626 492 1677 perpetuo
525 1637 603 1685 non
619 1625 911 1680 permanfiiram
943 1624 1129 1666 dubitare
1159 1636 1273 1667 non..-

290 1680 422 1746 {inunt
443 1692 458 1732 3
481 1684 575 1737 Qua
591 1683 643 1725 de
659 1696 702 1725 re
716 1681 855 1726 nostris
869 1697 1030 1739 quoque
1044 1680 1172 1726 literis
1184 1696 1274 1724 cer-

291 1737 490 1782 tissimum
508 1740 778 1785 testimonium
794 1742 888 1785 Tibi
913 1742 1084 1786 reddere
1115 1755 1273 1797 aequum

289 1795 472 1842 duximus
487 1827 499 1841 .
531 1800 660 1844 Simul
692 1800 792 1843 vero
822 1801 974 1858 ingenti
1007 1805 1094 1846 Nos
1121 1799 1273 1858 gaudio

290 1855 470 1911 perfudit
485 1869 642 1902 narrata
661 1856 895 1913 sagacissimi
910 1859 987 1902 Tui
1007 1861 1156 1916 ingenii
1174 1872 1272 1913 pra·

292 1913 436 1957 stantia
461 1941 476 1966 ‚
514 1929 559 1957 ac
585 1916 796 1967 docilitas,
822 1918 965 1971 quibus
1003 1917 1273 1961 internoscere

288 1972 388 2020 &ribi
404 1972 746 2017 licuitCatholicae
757 1975 892 2032 nostre
911 1975 1134 2031 Religionis
1149 1974 1276 2032 splen·-

291 2029 562 2075 dentissimam
594 2033 725 2077 lucem
750 2062 766 2086 ‚
796 2035 835 2075 8ι
850 2035 1065 2078 veritatem
1097 2049 1230 2079 amare
1256 2063 1272 2086 ‚

292 2089 454 2146 insuper
477 2105 526 2134 ac
552 2093 676 2147 magis
696 2092 884 2136 aestimare
907 2093 1098 2137 traditam
1124 2093 1270 2147 abipsa

290 2162 455 2192 morum
474 2149 721 2207 disciplinam
751 2150 1047 2206 gravissimam,
1079 2151 1273 2193 sanctissi-

291 2206 456 2263 masque
470 2208 632 2251 vivendi
647 2208 756 2264 leges
766 2235 779 2257 ‚
807 2209 913 2252 unde
925 2211 1129 2253 hominum
1143 2223 1216 2264 gen
1224 2223 1268 2250 us

293 2265 346 2309 ad
361 2266 481 2309 animi
493 2266 845 2323 tranquillitatem,
858 2270 900 2311 δι
911 2268 960 2311 ad
975 2267 1144 2312 fortuna:
1155 2266 1268 2311 casus

1037 2384 1264 2450 ΝΟ

2087 168 2250 252 239

1330 269 1500 327 pacifice
1525 269 1717 313 ferendos
1750 270 1896 314 institui
1920 285 2061 328 queat.
2093 284 2194 334 Quae
2221 282 2312 337 quiq

1329 330 1422 371 dem
1440 329 1534 370 Tibi
1560 329 1622 371 vel
1642 327 1721 383 ipsa
1735 330 1909 371 docente
1923 343 2060 374 natura
2078 364 2090 385 ,
2110 347 2231 389 atque
2245 342 2310 379 in·

1330 387 1419 429 dito
1433 389 1614 442 purgatis
1631 386 1826 428 mentibus
1841 387 1935 428 recti
1951 415 1965 439 ,
1982 391 2154 446 bonique
2167 392 2311 434 semine

1330 444 1370 487 se
1381 444 1602 502 prodidiffe
1613 446 1856 487 arbitramur
1869 474 1882 485 .

1444 504 1738 560 Intelligimusf
1754 505 1861 545 enim
1898 506 1958 546 Te
1971 502 2019 546 ad
2039 505 2280 546 honestatem
2298 534 2315 556 ,

1324 565 1365 606 &
1380 562 1550 606 virtutis
1562 564 1720 606 cultum
1734 562 1909 605 naturali
1935 561 2142 609 instinctu,
2172 576 2218 604 ac
2245 574 2316 603 ve-

1331 623 1418 664 strae
1440 621 1665 678 Religionis
1690 621 1946 665 documentis
1975 618 2193 676 plurimum
2226 634 2318 673 pro-¹

1332 681 1543 738 pendere3
1574 681 1767 738 quocirca
1791 681 1990 724 noninani
2012 678 2198 720 ducimur
2227 678 2317 731 spe,

1337 741 1484 783 Summi
1501 743 1578 784 Dei
1594 738 1848 783 miseratione
1864 740 1961 782 illuc
1977 737 2136 781 tandem
2155 739 2215 779 Te
2245 735 2316 777 ad-

1335 799 1501 842 ductum
1516 801 1561 842 iri
1576 826 1591 847 ι,
1618 808 1663 843 ut
1675 799 1816 853 aperte
1826 798 2045 856 conspicias
2058 823 2072 845 ‚
2096 810 2179 839 non
2193 792 2318 836 alium

1335 869 1476 915 patere
1490 859 1644 901 aditum
1674 859 1725 900 ad
1749 858 1998 914 sempiternae
2012 858 2104 897 vitai
2136 853 2315 897 felicita-

1333 929 1415 962 tem
1430 946 1444 969 ,
1477 921 1596 973 quam
1626 917 1834 973 Evangelii
1858 916 2084 962 doctrinam
2101 911 2287 957 sectando
2303 938 2316 960 ‚

1330 992 1412 1035 quo
1436 977 1572 1020 vestris
1586 976 1777 1020 institutis
1789 989 1868 1018 non
1887 990 2026 1032 parum
2043 974 2238 1016 accedere
2253 970 2317 1013 vi-

1330 1036 1502 1080 deamini
1517 1049 1532 1089 3
1547 1036 1683 1093 idque,
1699 1045 1742 1078 ut
1757 1036 1957 1090 agendum
1975 1034 2067 1077 Tibi
2090 1034 2316 1087 proponas,'

1333 1099 1506 1151 Tuoque
1515 1095 1718 1149 exemplo,
1734 1104 1854 1151 atque
1866 1094 2111 1137 authoritate
2129 1090 2319 1144 frequen·

1331 1153 1504 1197 tissimos
1519 1153 1692 1208 populos
1706 1182 1720 1204 ,
1734 1153 1878 1207 quibus
1895 1152 2043 1196 summa
2061 1150 2178 1193 laude
2195 1160 2317 1205 praees

1331 1216 1546 1256 Sacrorum
1560 1211 1737 1265 Imperio
1770 1213 1928 1254 Tecum
1960 1210 2177 1265 perdustos
2192 1237 2206 1259 ‚
2238 1209 2319 1249 hoc

1329 1273 1512 1313 omnium
1525 1270 1698 1310 maxime
1713 1268 1873 1322 infigni‚
1887 1283 1933 1311 ac
1948 1266 2235 1323 perneceffario
2250 1266 2320 1307 be·

1332 1326 1478 1381 neficio
1500 1326 1683 1371 cumules
1700 1329 1758 1370 Te
1789 1328 1999 1368 hortamur
2013 1351 2027 1374 ‚
2058 1326 2169 1379 quod
2202 1321 2319 1366 facile

1331 1396 1570 1430 eventurum
1583 1397 1797 1442 putamus,
1830 1384 1855 1427 fi
1886 1384 2017 1428 eidem
2034 1383 2185 1426 dilecto
2217 1379 2318 1431 filio,

1332 1447 1549 1491 Francisco
1565 1444 1756 1495 Horatio,
1767 1441 1926 1500 ejusque
1942 1442 2054 1485 sociis
2069 1441 2229 1484 veniam
2243 1439 2317 1481 de-

1332 1506 1440 1547 deris
1464 1506 1611 1560 ubique
1638 1505 1856 1549 vestrarum
1880 1503 2077 1545 Gentium
2091 1498 2320 1544 Christiana

1335 1566 1542 1618 Dogmata
1561 1561 1871 1619 promulgandi.

1450 1621 1614 1665 Idcirco
1646 1621 1837 1677 siquidem
1868 1618 1959 1661 illos
1977 1620 2086 1668 Tui,
2117 1617 2319 1660 omnium-

1332 1697 1412 1740 que
1425 1680 1594 1724 vestrfim
1604 1680 1895 1723 amantissimos
1907 1678 1955 1720 ad
1972 1691 2042 1720 vos
2053 1674 2318 1724 difficillimo,

1332 1746 1374 1787 δι
1388 1742 1513 1796 longo
1529 1740 1671 1784 itinere
1690 1739 1824 1782 redire
1838 1735 2013 1791 jussimus
2030 1765 2046 1788 ,
2077 1738 2175 1778 'ruae
2188 1732 2321 1776 fiden-

1334 1813 1393 1847 tes
1408 1813 1504 1856 erga
1520 1800 1624 1855 ipsos
1651 1808 1874 1852 compertae
1895 1795 2207 1845 benevolentiis,
2240 1805 2319 1835 nec

1333 1858 1570 1905 abhorrenti
1605 1859 1627 1900 i
1656 1858 1800 1900 nostris
1828 1856 1985 1912 legibus
2002 1854 2236 1905 voluntati3
2267 1848 2321 1893 ad

1333 1919 1530 1975 reliquam
1561 1927 1636 1960 tuae
1665 1915 1877 1972 dignitatis
1892 1914 2060 1970 gloriam
2096 1915 2196 1955 hanc
2226 1924 2319 1952 om·

1333 1978 1445 2021 nium
1458 1974 1745 2034 amplissimam
1767 1985 1808 2016 ut
1835 1972 1957 2016 addas
1973 2000 1987 2023 ‚
2018 1982 2142 2027 utque
2159 1969 2320 2014 Missio-

1330 2038 1464 2079 uarios
1477 2034 1633 2077 nostros
1652 2033 1825 2088 benigne
1838 2032 2014 2085 excipias
2028 2060 2041 2083 ‚
2057 2033 2319 2074 vehementer

1330 2095 1602 2144 obtestamur,
1626 2093 1888 2148 implorantes
1921 2092 2015 2132 Tibi
2043 2090 2094 2132 ad
2125 2099 2322 2140 tantum

1332 2166 1432 2208 opus
1449 2152 1606 2194 Diviuae
1619 2152 1771 2193 Gratiae
1787 2148 2011 2204 praelidium
2029 2176 2042 2188 .

1418 2211 1657 2251 Dat.Romae
1672 2208 1737 2249 die
1754 2220 1825 2248 xxi
1838 2210 1990 2260 v.Sept.
2007 2209 2321 2249 uocexxxwul

1388 2273 1449 2314 Ex
1466 2267 1818 2314 Areh.secr.Brev.
1833 2264 1884 2308 ad
1901 2266 2109 2323 Principes
2114 2274 2236 2323 pag-2
2243 2273 2315 2315 75,

1358 2386 1575 2451 TA

295 2479 416 2593 A
437 2536 476 2577 D
501 2532 616 2580 hasce
642 2533 796 2581 litteras
816 2534 1024 2593 respondit
1041 2537 1212 2579 Summo
1222 2534 1413 2580 Pontifici
1431 2538 1557 2581 Lama
1575 2538 1593 2592 ,'
1622 2536 1682 2581 uti
1699 2535 1907 2594 scquitur:

419 2633 605 2677 Clementi
627 2637 667 2678 Χ
668 2638 718 2679 ΙΙ.
735 2617 909 2693 Pontifici
922 2643 1146 2690 nuncupato
1156 2665 1173 2687 ,
1199 2637 1272 2692 qui
1283 2644 1440 2679 terram
1452 2665 1467 2689 ,
1491 2637 1556 2678 vel
1568 2639 1740 2691 Regnum
1755 2638 1887 2679 Romae
1904 2633 2069 2690 poct‘fic?
2079 2632 2315 2689 guberna&

293 2692 499 2758 'praestntes
513 2695 673 2737 litteras
687 2694 805 2753 effre
816 2727 830 2735 .

415 2753 614 2807 Occasione
629 2778 644 2801 ‚
659 2755 742 2808 qud
750 2753 799 2796 ad
819 2758 992 2810 Regnum
1012 2754 1168 2797 Thibeti
1188 2755 1319 2796 Patres
1338 2758 1539 2810 Europaeos
1565 2763 1716 2797 vocatos
1730 2779 1745 2800 ,
1778 2749 1992 2808 Religionis
2021 2750 2135 2794 dim
2150 2750 2320 2804 Cdpuci-

300 2823 441 2855 nortem
453 2837 467 2860 a
479 2810 632 2867 mifi'stis
647 2839 662 2863 ‚
675 2812 719 2853 hi
733 2812 855 2856 Nobis
863 2814 1153 2870 praestntdrunt
1165 2813 1307 2856 vestras
1321 2814 1479 2857 litteras
1491 2808 1678 2869 informa
1691 2811 1826 2855 Brevis
1840 2842 1854 2864 ,
1871 2811 1925 2862 <9-
1940 2824 2077 2853 munus
2093 2839 2107 2862 ,
2123 2808 2323 2867 eonfistens

298 2870 341 2912 in
356 2872 474 2912 vitris
489 2870 705 2911 admodum
719 2872 918 2929 trianguli
931 2873 1073 2915 iridem
1076 2872 1356 2931 formantibus
1370 2902 1385 2924 ,
1414 2886 1557 2915 corona
1578 2887 1626 2915 ex
1640 2871 1780 2914 ambra
1794 2897 1808 2919 ,
1831 2885 1911 2914 una
1935 2870 2055 2926 crista
2079 2882 2127 2911 ex
2150 2870 2258 2911 vitro
2280 2869 2326 2908 in

299 2936 465 2985 argento
476 2941 559 2970 cum
573 2928 766 2971 duodecim
781 2930 974 2987 lapidibus
972 2930 1084 2987 fiHir
1098 2933 1222 2988 tegata
1235 2958 1249 2981 a
1278 2931 1321 2974 in
1333 2931 1414 2974 ceto
1428 2932 1592 2988 vasculis
1608 2930 1810 2987 chrystalli
1820 2958 1834 2980 ,
1847 2929 1985 2986 parvis
2000 2929 2054 2979 ὠ·
2067 2932 2219 2984 magnis
2234 2955 2248 2978 ‚
2277 2930 2323 2969 in

295 2985 496 3056 idoli-opio
509 2998 648 3043 magno
662 3001 707 3029 ac
719 2989 874 3043 optimo,
887 2992 930 3030 in
943 3003 984 3044 4.
999 2991 1088 3033 aliis
1100 2992 1307 3050 telestopits
1319 2991 1533 3034 minoribus
1548 2991 1706 3037 diversis
1719 3017 1732 3038 ‚
1747 2994 1790 3032 in
1798 2990 1875 3047 sex
1882 2988 2051 3044 paribus
2057 2986 2323 3046 perspicillio-

298 3059 390 3090 rum
405 3045 646 3093 diversorum
663 3074 678 3097 ,
698 3047 838 3091 duobus
852 3048 967 3092 vitris
981 3051 1321 3105 multiplicationis
1334 3079 1349 3102 ,
1363 3050 1513 3106 speculo
1520 3059 1650 3104 parvo
1661 3077 1675 3099 ,
1688 3055 1734 3093 ln
1747 3048 1959 3106 chrystallo
1971 3075 1985 3099 ,
2001 3058 2166 3104 argento
2177 3047 2319 3101 ligato,

299 3118 376 3161 quo
392 3104 618 3170 accenditur
631 3105 734 3172 ignis
747 3134 761 3158 ,
779 3108 833 3157 ά·
853 3108 1002 3150 litterae
1012 3111 1238 3152 redduntur
1250 3110 1412 3166 majores
1425 3137 1438 3160 ‚
1453 3124 1494 3165 4.
1509 3109 1688 3152 duodenis
1701 3108 1911 3164 globorum
1937 3120 2023 3149 eum
2050 3103 2243 3163 lapidibus
2268 3120 2316 3146 ex

299 3167 408 3206 visto
421 3164 726 3232 COIOQ'HJWBW
741 3190 755 3213 a
770 3168 885 3224 cqpsa
899 3179 985 3209 cum
998 3169 1157 3214 diversis
1172 3169 1367 3212 medicine
1381 3170 1565 3223 ampullis
1579 3198 1592 3221 ‚
1601 3174 1708 3225 petio
1722 3169 1892 3220 coralli,
1910 3165 2029 3223 strto
2056 3181 2106 3210 ex
2129 3166 2285 3207 corallis
2306 3190 2322 3214 ‚

301 3220 430 3266 tribus
443 3221 596 3289 bjgtllts,
617 3235 662 3264 ra
672 3252 683 3265 .
695 3224 861 3266 cultellis
867 3226 1108 3280 liriptoriiss
1126 3228 1170 3270 in
1188 3242 1225 3283 3.
1235 3227 1609 3284 pariburfhrbicum
1626 3255 1641 3278 ,
1665 3228 1708 3271 in
1722 3226 1865 3270 duobus
1885 3225 2004 3268 thecis
2018 3237 2159 3268 acuum
2172 3237 2218 3263 ex
2231 3223 2327 3264 ebo-

303 3294 348 3324 re
362 3281 510 3340 ,strtco
524 3292 674 3324 ornatae
689 3310 703 3334 ‚
716 3282 760 3325 in
774 3285 908 3325 multis
923 3284 1079 3328 aciculis
1095 3311 1111 3334 ‚
1124 3287 1290 3341 imagine
1302 3286 1502 3344 cujusdam
1517 3289 1646 3330 Lamae
1663 3316 1678 3338 ,
1710 3288 1774 3330 vel
1789 3285 2020 3330 cardinalis
2036 3281 2191 3342 affabre
2219 3281 2326 3335 depi-

302 3338 370 3382 ἒῖσ
384 3339 540 3398 3statua
560 3342 732 3406 Papa-ex
741 3341 882 3383 ambra
896 3369 910 3392 ‚
930 3345 1120 3387 crumend
1135 3358 1205 3386 acu
1213 3346 1377 3401 phrygio
1388 3351 1548 3388 variata
1562 3376 1577 3400 ‚
1607 3346 1751 3389 duobus
1781 3343 1931 3398 vasibus
1962 3352 2035 3400 pro
2068 3340 2327 3398 conservando

304 3396 416 3446 thee,
434 3412 509 3441 uno
527 3412 576 3442 ex
587 3401 808 3443 aurichalca
825 3400 1014 3443 deaurato
1028 3428 1042 3451 ‚
1068 3404 1116 3451 δ’
1140 3405 1265 3446 altero
1288 3419 1334 3445 ex
1343 3415 1503 3460 argento
1517 3406 1744 3462 Augustano
1759 3431 1772 3453 ,
1800 3403 1997 3455 horologio
2027 3414 2074 3440 ex
2098 3400 2324 3441 aurichalco

306 3467 393 3521 cum
401 3459 568 3512 pondere
581 3487 593 3508 ‚
607 3459 842 3514 imaginibus
857 3462 1022 3501 omnium
1041 3463 1259 3517 Paparum,
1276 3466 1559 3519 Imperatorum
1570 3493 1584 3516 ‚
1604 3468 1754 3520 Regum
1771 3464 1973 3509 Francia,
1991 3458 2212 3516 Hispaniae,
2229 3461 2324 3499 Por-

303 3515 482 3567 tugalltae
494 3545 512 3573 ,
526 3520 767 3573 Magnorum
785 3519 1073 3574 Magistra-um
1090 3520 1348 3574 Melitensium
1359 3521 1540 3576 impresp‘s
1552 3551 1567 3574 ‚
1586 3523 1738 3564 chartis
1742 3518 2018 3576 geographicis
2033 3546 2046 3568 ‚
2086 3519 2125 3558 8.
2144 3516 2322 3559 iconibus

304 3575 526 3642 Germanic
536 3578 677 3643 'fmſjb
693 3579 816 3620 variis
829 3582 1048 3632 quinternis
1059 3578 1208 3620 charte·
1222 3582 1439 3635 Europae,
1453 3580 1586 3625 llatua
1601 3583 1692 3634 equi
1705 3594 1792 3622 cum
1806 3576 1999 3622 conchylio
2013 3590 2062 3619 ex
2074 3576 2324 3631 petra,libro

301 3643 508 3673 marmoris
523 3645 630 3688 nigra
644 3662 658 3686 ,
665 3641 772 3690 petio
787 3638 874 3678 telae
885 3651 932 3678 ex
950 3638 1032 3679 lino
1048 3663 1061 3686 a
1075 3636 1220 3679 duabus
1235 3637 1335 3680 tubis
1348 3642 1392 3679 in
1416 3639 1569 3681 modum
1586 3639 1766 3691 theatri,
1797 3654 1836 3681 2·
1860 3632 2067 3691 pixidibus
2087 3649 2132 3677 ex
2159 3644 2264 3678 meta
2271 3636 2326 3677 11⁰

293 3698 494 3748 gemmato
508 3718 524 3740 ,
543 3694 773 3748 numismate
785 3706 948 3752 argento
962 3710 1049 3738 cum
1063 3694 1186 3753 effigie
1204 3698 1313 3751 Papae
1329 3697 1412 3745 &c-

413 3748 692 3854 {Q—uodyaltltinet
704 3755 996 3810 adgubernium
1012 3759 1139 3812 Regni
1152 3786 1167 3809 ‚
1184 3756 1448 3856 qualecunq?
1463 3755 1630 3815 illudst't
1644 3786 1658 3811 ,
1687 3754 1914 3812 requiritur
1917 3764 2007 3813 par
2039 3752 2093 3806 ἀν
2110 3753 2317 3808 tranquil-

447 3820 517 3850 om.
600 3838 613 3852 .
1336 3815 1374 3859 K
1450 3828 1473 3858 2
1616 3827 1622 3831 ·
2160 3814 2254 3855 litas
