2508 4218
961 151 1402 269 {Apostoliea
1423 213 1440 229 .

205 306 402 367 perpenio
432 303 724 360 approbatum,
754 302 795 343 δε
809 300 1094 345 confirmamus
1109 328 1123 350 ‚
1138 299 1184 341 il.

205 368 330 422 lisque
346 360 591 417 inviolabilis
622 359 862 414 Apostolicae
891 359 1093 403 firmitatis
1119 372 1186 400 ro·

205 427 287 470 bur
299 422 518 480 adjicimus,
529 419 740 473 omniaque
752 420 793 460 &
809 418 958 472 singula
977 421 1187 461 Decreta-2

209 479 434 538 hujusmodi
447 482 497 523 ab
513 478 714 525 omnibus,
727 477 778 518 ad
795 491 894 532 quos
910 480 1075 535 spectat,
1094 477 1135 517 δι
1148 477 1188 518 iu

211 541 391 589 futurum
405 536 712 595 quomodolibet
727 533 920 591 spectabit
934 565 949 586 ,
980 534 1188 578 observari

210 600 380 646 omnino
394 596 638 654 precipimus
651 594 722 638 sub
735 608 859 649 poena
884 592 1078 637 nullitatis
1095 607 1190 649 qua-

210 670 474 711 rumcumque
512 652 839 698 informationum
854 681 870 705 ‚
901 650 1155 708 process'uum
1173 679 1189 702 ‚

211 731 257 760 ac
274 714 619 771 interpretationis
648 711 767 754 aliter
780 737 794 760 ‚
825 713 947 768 quam
965 711 1110 767 praeria
1124 711 1188 752 su-

209 775 430 832 prascripta
443 770 754 830 procognirione
783 771 1059 813 instructorum
1072 797 1087 821 ,
1116 781 1189 811 eo-

207 846 382 889 rumque
393 829 630 875 admiffionis
641 854 655 877 s
669 829 956 885 publicationis
970 855 984 879 ,
1000 842 1046 871 ac
1062 830 1188 870 inter·

206 890 453 950 ,pretationis
467 890 600 947 „itaut
611 888 846 932 earumdem
855 886 1191 931 informationum

206 949 468 1006 receptiones
499 975 517 1000 ,
557 945 860 1004 proeeffuumve
890 947 1160 991 instructiones
1176 972 1191 996 ‚

210 1021 370 1054 necnon
402 1020 543 1050 eorum
562 1005 814 1050 admistiones
824 1034 839 1058 ‚
869 1020 915 1048 ac
948 1006 1190 1063 publicatio-

209 1081 280 1112 nes
296 1096 313 1119 ‚
340 1067 753 1122 &interpretationes
768 1066 990 1108 habeantur
1003 1078 1076 1118 pro
1106 1076 1189 1107 non

209 1126 382 1185 receptis
400 1138 512 1177 ,non
529 1124 753 1176 instruet-is,
782 1138 865 1167 non
880 1122 1076 1175 admistis,
1105 1136 1188 1166 noo

211 1185 425 1243 publicatis
438 1213 454 1237 ‚
467 1196 547 1229 non
562 1184 669 1229 inter
699 1184 837 1227 retati·
847 1209 862 1233 ‚
873 1195 1092 1238 eorumque
1105 1196 1193 1224 am·

209 1244 314 1302 plius
332 1244 436 1287 ratio
450 1243 582 1299 aliqua
597 1243 667 1286 nul
687 1250 824 1284 atenus
852 1240 1000 1284 alicubi
1017 1256 1068 1284 un
1100 1253 1192 1283 uam

211 1301 510 1363 haberi'debeat
522 1320 537 1343 ι
557 1300 840 1344 TDe'cernentes
871 1255 1194 1356 presenteffiite.

212 1374 278 1406 ras
292 1361 356 1410 ‚&
369 1361 407 1402 in
422 1359 480 1413 eis
497 1367 694 1404 contenta
706 1373 980 1417 quaecumque,
995 1361 1120 1403 etiam
1143 1371 1196 1401 ex

212 1433 282 1470 eo,
295 1417 402 1474 quod
416 1417 657 1475 quicumque
674 1419 713 1462 in
730 1418 945 1475 parmulis,
962 1421 1030 1462 seu
1049 1431 1194 1462 eorum

209 1477 349 1532 aliquo
364 1475 551 1520 intereffe
560 1479 750 1523 babentes
763 1506 780 1530 ,
808 1475 875 1521 seu
884 1477 1195 1535 quomodolibet

186 1548 193 1556 ·
212 1539 371 1581 babere
388 1538 695 1591 pretendentes,
707 1537 765 1580 ad
775 1535 965 1594 praemiila
979 1537 1112 1581 vocati
1126 1562 1141 1585 ,
1154 1536 1195 1578 δι

210 1596 340 1641 auditi
353 1624 372 1647 ,‚
384 1593 596 1652 minusque
604 1596 740 1648 causa,
753 1607 920 1651 propter.
935 1610 1033 1654 quas
1046 1596 1193 1640 ecdem

212 1655 425 1713 presentes
441 1654 665 1699 emanarint
677 1683 693 1708 ‚
714 1655 893 1699 addua·
904 1682 921 1707 ‚
951 1654 1165 1699 verificatae
1179 1680 1195 1705 ,

213 1713 283 1759 seu
307 1714 408 1759 aliia
430 1711 670 1759 sufficienter
679 1743 696 1766 ‚
729 1726 801 1759 aut
820 1716 941 1757 etiam
968 1714 1194 1757 nullatenus

214 1771 434 1832 justificata
450 1771 761 1826 fuerinr,nu110.
772 1787 943 1830 unquam
970 1785 1194 1829 tempore-0

210 1831 278 1888 sle·
288 1830 550 1885 subreptionis
560 1857 577 1882 ‚
590 1832 872 1888 obreptionis,
886 1832 1086 1875 nullitatis
1100 1858 1114 1881 ,
1129 1840 1198 1875 aut

220 1889 488 1935 invaliditatis
505 1891 620 1942 vitio,
633 1889 698 1935 stu
713 1892 952 1935 intentionis
965 1893 1118 1942 nostra,
1129 1900 1196 1932 aut

219 1946 310 1991 alio
321 1946 463 2000 quovis
475 1945 770 1998 defeetmetiarn
783 1952 1039 2005 quantumvis
1055 1962 1200 2003 magno

224 2006 505 2059 inexcogitato
521 2033 537 2056 ,
550 2006 590 2047 &
609 2004 852 2049 substantiali
871 2032 887 2055 ‚
921 2006 999 2048 fi-ve
1016 2007 1136 2048 etiam
1151 2017 1200 2047 ex

221 2079 291 2116 eo,
305 2064 413 2120 quod
432 2063 472 2104 in
487 2063 683 2119 proemiffis
698 2090 712 2113 s
730 2063 808 2107 five
840 2078 979 2107 eorum
995 2065 1129 2121 aliquo
1142 2062 1199 2104 so-

221 2123 451 2166 lemnitates
466 2149 479 2174 ,
509 2123 549 2165 δι
561 2124 705 2178 quavis
734 2123 813 2164 alia
825 2122 1015 2164 servanda
1030 2150 1044 2172 ,
1074 2124 1116 2162 δι
1128 2120 1200 2161 ad-

224 2180 454 2238 implenda,
486 2180 635 2224 servan
649 2206 674 2229 „
694 2181 735 2219 δι
759 2178 981 2231 adimpleta
1012 2191 1092 2221 nou
1110 2176 1196 2220 fue·

222 2242 305 2285 rint
317 2267 332 2290 ,
345 2248 414 2282 aut
427 2250 481 2279 ex
493 2236 637 2288 quovis
654 2233 738 2278 alio
749 2235 885 2290 capite
901 2241 922 2286 ἡ
935 2234 1042 2292 jure,
1057 2236 1119 2278 vel
1137 2234 1197 2278 fa—

216 2300 313 2346 tto„
322 2304 393 2338 aut-
406 2293 581 2344 statuto‚
595 2292 661 2337 vel
677 2292 968 2338 consuetudine
986 2295 1118 2350 aliqua
1133 2309 1197 2338 ro·

218 2353 418 2402 sultante,
443 2351 511 2396 seu
535 2352 659 2396 etiam
673 2354 850 2396 enormis
860 2379 883 2403 ,,
901 2354 1199 2407 enormiffimae,

215 2416 259 2459 &
272 2413 415 2457 rotalis
428 2411 594 2456 laefionis
607 2438 623 2462 ,
650 2420 725 2456 aut
736 2427 991 2471 quocumque
1020 2414 1103 2456 alio
1126 2428 1197 2458 co·

219 2474 326 2523 lore,
336 2472 458 2518 etiam
476 2472 521 2515 in·
534 2484 706 2528 corpore
719 2470 981 2527 juriscinusm
995 2475 1057 2517 seu
1073 2487 1196 2516 occa-

221 2532 335 2577 fione
346 2561 360 2585 ‚
372 2528 563 2575 velcausa
574 2557 589 2582 ,
605 2531 726 2574 etiam
749 2533 1006 2588 quantumvis
1015 2531 1125 2589 justa,
1141 2547 1199 2575 ra

209 2590 432 2644 -aionabili,
443 2589 484 2633 dt
505 2589 773 2647 privilegiata,
786 2591 908 2634 etiam
922 2591 1020 2641 tali,
1049 2605 1134 2646 quae
1148 2592 1198 2635 ad

221 2648 402 2695 effectum
433 2646 649 2692 validitatis
677 2647 958 2703 praemifforum
982 2648 1200 2693 neceffario

215 2707 483 2765 ⁴exprimenda
496 2706 604 2751 foret
618 2735 633 2759 ‚
647 2717 716 2750 aut
736 2708 844 2763 quod
864 2709 916 2752 de
930 2707 1198 2754 voluntatss,

210 2768 352 2813 ‘nostra
381 2765 632 2824 hujusmodi,
655 2766 794 2810 &aliis
818 2768 992 2822 superius
1007 2765 1200 2823 expreffis

221 2828 295 2871 seu·
303 2827 441 2870 relatis
473 2823 570 2868 nihil
586 2824 700 2868 ullibi
721 2839 965 2882 appareret,
993 2826 1058 2869 seu
1079 2827 1198 2868 aliter

223 2886 384 2942 probari
399 2881 521 2939 poiset
534 2911 556 2935 s
567 2884 692 2926 notari
707 2910 723 2932 ‚
737 2886 960 2942 impugnari
973 2912 988 2935 ‚
1002 2886 1198 2928 invalida·

218 2943 259 2989 si
271 2943 542 2995 ,retractam
571 2942 612 2983 in
625 2941 684 2996 jus
715 2941 784 2984 vel»
804 2945 1115 2988 controverliam
1131 2957 1197 2987 re-

224 3004 387 3050 vocari»,
401 3010 470 3043 aut
483 2999 533 3042 ad
552 3001 748 3044 terminos
762 3000 856 3057 juris
870 3003 1024 3053 reduci,
1037 3004 1102 3047 vel
1129 3003 1197 3044 ad.

225 3062 359 3106 versus
374 3059 466 3102 illas
491 3060 757 3117 restitutionis
783 3062 827 3102 in
837 3062 1053 3117 integrum,
1067 3062 1203 3117 aperi-

222 3119 350 3164 tionis
360 3119 446 3162 oris
456 3143 470 3167 s
481 3117 722 3163 reductionis
733 3118 784 3162 ad
799 3121 903 3162 viam
915 3149 932 3174 ,
948 3124 988 3164 δι
1002 3122 1198 3164 terminos

214 3177 351 3237 {ui-is,
384 3186 451 3220 aut
479 3176 590 3220 aliud
615 3177 899 3235 quodcumque
930 3181 1028 3237 juris
1046 3208 1059 3231 ,
1074 3177 1163 3220 faeti
1181 3206 1197 3230 ,

222 3238 360 3294 gratiae
373 3266 389 3288 ‚
405 3235 469 3279 vel
488 3234 640 3291 justitiae
657 3265 672 3288 ,
700 3238 932 3280 remedium
959 3237 1205 3294 impetrari,

223 3296 292 3340 seu
308 3294 616 3354 quomodolibet
630 3295 825 3345 concedi,
855 3305 926 3338 aut
955 3298 1208 3348 impetrato,

223 3355 293 3399 vei
308 3351 736 3410 conceffoquempia'm
754 3354 810 3397 uti
827 3380 842 3404 ‚
872 3356 936 3397 seu
961 3354 1146 3410 sejuvare
1161 3354 1206 3397 iu

227 3410 381 3468 judicio
394 3440 408 3462 ³
424 3412 490 3457 vel
505 3423 618 3456 extra
633 3409 737 3467 poffe
750 3439 765 3462 ‚
778 3426 906 3466 neque
920 3413 1021 3466 ipsas
1037 3410 1201 3466 praeien-

225 3481 286 3514 tes
298 3470 366 3516 sub
381 3472 582 3528 quibusvis
599 3471 785 3514 similium
799 3499 814 3523 ,
840 3469 902 3512 vel
920 3470 1201 3512 diffimilium„

230 3531 449 3584 gratiarum
474 3531 798 3579 revocationibus
813 3559 826 3581 ‚
857 3526 1170 3583 suspenfionibus
1184 3556 1199 3580 ,

229 3587 536 3632 limitationibus
547 3616 563 3638 s
594 3599 664 3634 aut
696 3589 784 3631 aliis
808 3587 1023 3630 contrariis
1037 3585 1198 3640 dispost-

227 3647 406 3692 tionibus
430 3659 503 3700 pro
521 3658 703 3706 tempore
718 3645 1030 3704 quomodolibet
1049 3643 1196 3687 facien-

226 3707 288 3750 dis
318 3705 631 3761 comprehendi,
653 3707 718 3749 sed
744 3706 894 3760 semper
919 3706 968 3746 ab
981 3702 1067 3746 illis
1075 3715 1196 3746 exce-

227 3777 313 3822 ptas
328 3795 342 3818 ‚
356 3764 626 3821 perpetuoqne
641 3766 786 3812 validas
801 3792 816 3817 ,
828 3765 962 3808 firmas
976 3790 990 3812 a
1007 3764 1044 3804 δι
1060 3759 1194 3803 effic-a,

350 3829 452 3866 Tssmo
463 3825 544 3867 VII-

1245 313 1311 342 ces
1325 297 1492 342 existere
1509 321 1524 346 ,
1537 296 1578 338 δε
1591 294 1697 349 fore,
1714 297 2094 355 suosque'plenarios
2108 313 2148 351 ἃ,
2159 314 2225 355 in.-

1248 369 1387 414 tegi-os
1417 355 1579 399 effeetus
1609 354 1748 398 sortiri
1781 359 1821 398 δι
1852 360 2066 412 obtinere,
2096 378 2141 405 ae
2157 383 2228 419 pe„

1247 430 1390 459 omnes
1404 443 1418 466 ‚
1434 416 1471 456 &
1490 412 1680 468 fingulos,
1694 416 1742 458 ad
1758 428 1862 471 quos
1890 413 2037 471 speetu
2049 444 2064 467 ‚
2075 421 2115 461 ἃ
2127 435 2230 475 φο,

1248 476 1478 518 modolibet
1493 472 1680 528 spectabit
1706 475 1746 516 in
1770 474 1949 516 firturum
1981 476 2230 519 inviolabili-
2268 496 2275 504 .

1249 544 1316 577 ter
1329 531 1562 583 observari,
1595 529 1722 588 licque
1751 534 1793 575 δι
1822 545 1903 573 non
1932 532 2052 574 aliter
2076 534 2115 575 in
2130 549 2232 590 prae-

1248 591 1367 635 miffis
1383 591 1570 633 omnibus
1583 590 1624 630 δι
1641 591 1801 646 fingulis
1829 604 1902 645 per
1920 590 2230 649 quoscumque,

1242 651 1405 708 judices
1420 648 1645 692 ordinarios
1659 679 1675 703 ,
1687 651 1728 691 δι
1748 649 1975 705 delegatos,
1992 649 2112 692 etiam
2142 665 2233 694 cau-

1250 711 1380 753 sarum
1393 707 1538 751 Palatii
1552 710 1773 764 Apostolici
1788 708 2070 758 Auditores,&
2080 711 2235 753 5.R.E.

1249 767 1489 813 cardinales
1502 794 1516 816 ,
1531 769 1654 809 etiam
1670 769 1723 811 de
1738 769 1864 811 latere
1883 769 2057 822 Legatos
2070 795 2085 819 ,
2117 771 2233 810 Nun·

1250 828 1338 870 cios
1351 855 1368 880 ,
1386 829 1423 868 8(
1445 827 1545 868 alios
1559 829 1699 883 quavis
1712 829 1947 870 auetoritate
1962 853 1976 876 ‚
2004 827 2044 867 δι
2060 827 2232 881 potesta-

1252 897 1294 930 te
1307 885 1518 941 fungentes
1535 887 1574 927 in
1588 888 1727 942 quavis
1740 887 1868 938 causa,
1879 886 1920 927 δι
1935 883 2233 937 instantia,sub·

1252 946 1335 988 lata
1351 947 1409 988 eis
1424 972 1439 996 ,
1451 946 1491 987 δι
1503 959 1650 989 eorum
1675 946 1847 988 cuilibet
1873 945 2021 1002 quavis
2042 942 2163 987 aliter
2176 942 2235 1000 ju-

1252 1005 1444 1057 dicandi,
1460 1006 1498 1046 &
1526 1005 1818 1059 interpretandi
1844 1003 2071 1054 facultate,
2100 1004 2143 1044 δε
2167 1015 2238 1045 au·

1253 1064 1456 1113 domate,
1470 1063 1616 1119 ubique
1631 1063 1828 1118 judicari,
1842 1066 1882 1106 δι
1894 1062 2056 1105 diffiniri
2070 1061 2236 1112 debere,

1254 1124 1409 1165 irritum
1430 1135 1591 1177 quoque
1611 1124 1651 1165 δι
1673 1123 1788 1166 inane
1813 1122 1837 1164 fi
1864 1122 1972 1165 secus
1994 1118 2108 1175 super
2135 1122 2193 1164 his
2213 1120 2235 1162 ἰ

1251 1194 1455 1238 quoquam
1488 1182 1631 1237 quavis
1654 1183 1896 1223 aneiontate
1919 1182 2088 1223 scienter
2110 1206 2127 1230 ,
2170 1176 2235 1220 vel

1253 1243 1489 1298 ignoranter
1502 1239 1724 1294 contigerit
1738 1240 1957 1282 attentari.

1369 1298 1577 1354 Quocirca
1603 1297 1910 1341 Venerabilibus
1932 1296 2141 1340 Fratribus
2166 1298 2239 1339 Pan·

1252 1359 1444 1402 triarchis
1460 1385 1474 1408 ‚
1484 1357 1728 1400 Primatibus
1739 1386 1754 1408 ,
1768 1354 2117 1411 Arcbiepisaopis‚
2136 1356 2237 1410 Epi-

1253 1419 1382 1473 lcopis
1398 1443 1413 1466 ,
1427 1419 1467 1459 er
1483 1415 1571 1458 aliis
1587 1416 1771 1460 locorum
1798 1414 2026 1458 Ordinariis
2037 1442 2051 1464 ‚
2075 1425 2238 1456 necnon

1253 1478 1414 1520 duceris
1446 1475 1542 1517 filiis.
1569 1475 1711 1518 nostris
1732 1502 1752 1525 ‚
1778 1477 1817 1517 &
1850 1473 2095 1530 Apostolicae
2122 1472 2240 1516 sedis

1258 1536 1431 1581 Nunciis
1446 1561 1460 1584 ,
1476 1547 1522 1576 ac
1538 1535 1729 1577 hereticae
1746 1534 1957 1590 pravitatis
1984 1530 2239 1587 lnquifitori-

1255 1594 1518 1647 bus‚ubilibet
1531 1594 1806 1644 existentibus,
1815 1606 1884 1647 per
1898 1590 2133 1646 apostolica
2151 1586 2242 1632 scri-

1285 1665 1328 1697 ta
1355 1652 1589 1695 mandamus
1614 1681 1631 1705 ,
1657 1662 1701 1695 ut
1728 1652 1859 1694 statim
1880 1660 2004 1707 atque
2027 1650 2237 1704 praesentes

1256 1670 1403 1758 littera
1417 1712 1557 1755 noflrae
1568 1712 1618 1754 ad
1633 1725 1769 1755 eorum
1780 1739 1795 1763 ,
1808 1712 1849 1753 er
1862 1708 2083 1767 cujuslibet
2098 1719 2243 1751 eorum

1258 1774 1444 1817 notitiam
1460 1772 1748 1827 pervenerint,
1778 1771 1817 1812 in
1844 1768 1911 1814 sua
1926 1767 2091 1825 quisque
2105 1766 2239 1823 respe-

1256 1832 1362 1876 &ive
1382 1829 1574 1883 uioecefi,
1591 1830 1655 1872 vel
1674 1830 1886 1873 Provincia
1899 1828 2039 1873 sedulo
2059 1827 2239 1883 pervigi-

1257 1893 1342 1943 let,
1364 1903 1413 1933 ne
1440 1889 1517 1932 flne
1541 1891 1900 1946 approbationibus
1919 1887 2114 1944 predictis
2140 1888 2243 1928 lma-

1258 1951 1369 2005 gines
1384 1961 1475 1987 cum
1491 1950 1719 1989 memoratis
1734 1948 1849 2002 fignis
1863 1956 2120 2002 exponantur
2133 1974 2151 1996 ,
2167 1953 2240 1988 aut

1260 2002 1477 2055 miracula,
1494 2005 1762 2048 revelationes
1776 2031 1791 2054 ,
1819 2018 1866 2048 ac
1886 2004 2081 2047 beneficia
2099 2003 2242 2058 praedi-
2304 2040 2307 2043 .

1257 2068 1317 2107 &a
1341 2062 1627 2119 publicentur,
1642 2063 1773 2105 aliave
1796 2074 1938 2106 contra
1966 2063 2145 2118 superins
2158 2059 2243 2104 dis-

1259 2122 1383 2178 posita
1404 2118 1499 2160 fiant
1515 2119 1820 2176 ,trasgreffores
1843 2123 1942 2164 vero
1969 2120 1994 2162 fi
2021 2122 2244 2175 Reguiares

1260 2181 1412 2224 suerint
1430 2202 1445 2225 ,
1459 2178 1697 2232 privationis
1719 2180 1875 2222 suorum
1891 2178 2129 2221 officiorum
2147 2207 2161 2228 ,
2194 2193 2243 2221 ae

1259 2239 1372 2282 vocis
1389 2238 1547 2286 affin,
1563 2237 1603 2278 δι
1617 2237 1768 2292 paffivae
1781 2267 1795 2289 ,
1813 2252 1968 2281 necnon
1986 2238 2244 2293 suspenfionis

1257 2300 1282 2344 ὲ
1296 2294 1443 2339 divinis
1458 2321 1472 2341 ,
1489 2297 1514 2336 fi
1533 2297 1632 2337 vero
1643 2297 1801 2339 Clerici
1825 2296 2026 2339 seculares
2047 2298 2243 2350 privatio.

1259 2357 1318 2400 nis
1343 2353 1489 2411 pariter
1506 2353 1667 2398 suorum
1695 2354 1924 2398 officiorum
1938 2383 1953 2405 ‚
1983 2355 2245 2411 suspenfionia

1257 2418 1281 2462 ὶ
1306 2413 1452 2458 divinis
1466 2442 1481 2464 ,
1502 2415 1539 2454 δι
1567 2415 1618 2456 ab
1638 2415 1985 2458 administratione
2007 2415 2244 2457 Sacramen-

1260 2485 1397 2518 torum
1408 2502 1423 2524 ,
1437 2473 1790 2530 exequutioneque
1806 2476 1963 2518 fixorum
1975 2474 2163 2517 ordinum
2180 2487 2242 2516 re-

1260 2534 1431 2588 spemve
1446 2556 1461 2580 ,
1487 2531 1654 2587 aliisque
1677 2534 1849 2576 arbitrio
1862 2535 2140 2589 predictorum
2162 2535 2243 2575 Or·

1259 2594 1528 2640 dinariorum,
1543 2590 1607 2633 seu
1625 2591 1910 2648 inquisitorum
1923 2607 2001 2648 pro
2016 2592 2139 2634 modo
2150 2591 2242 2634 cul-

1259 2666 1316 2707 ρο
1332 2649 1558 2703 infligendis
1574 2652 1707 2704 poenis
1732 2650 1947 2705 pledendo
1959 2679 1972 2693 .
2004 2650 2089 2709 Qi
2102 2660 2241 2691 autem

1260 2709 1385 2751 libros
1400 2706 1664 2759 impreiserint
1678 2735 1693 2757 ,
1706 2718 1775 2748 aut
1804 2709 1996 2761 imagines
2017 2707 2243 2761 pinxerint,

1259 2765 1493 2822 sculpserint
1507 2791 1521 2813 ,
1539 2764 1604 2807 seu
1619 2765 1908 2820 quoquomodo
1929 2763 2127 2806 affixerint
2139 2790 2153 2813 ³
2171 2764 2241 2806 vel

1258 2824 1525 2870 formaverint
1540 2823 1778 2880 ,caeterique
1792 2821 1966 2866 artifices
1997 2823 2107 2864 circa
2138 2835 2241 2877 prat·

1258 2882 1367 2929 missa
1380 2882 1728 2940 qualitercumque
1745 2881 2028 2938 delinquentes
2047 2882 2236 2936 praedie'ta

1257 2943 1393 2987 omnia
1416 2941 1667 2993 amittam&
1679 2938 1841 2998 insuper
1861 2940 2118 2997 pecuniariis,
2132 2938 2238 2982 aliis-

1257 3018 1336 3060 que
1352 3002 1472 3042 etiam
1485 2999 1766 3055 corporalibus
1778 2999 1968 3056 poenis‚ju
1976 3008 2042 3041 xta
2056 2998 2239 3042 criminis

1259 3062 1516 3118 gravitatem,
1532 3058 1771 3102 eorumdem
1799 3058 2114 3102 Ordinatiorum
2128 3086 2142 3109 ,
2173 3056 2237 3098 seu

1257 3120 1541 3175 Inquisitorum
1557 3117 1730 3160 arbitrio
1748 3117 1995 3161 afficiantur.
2013 3115 2236 3160 Contradi-

1257 3183 1390 3221 <fiores
1405 3176 1609 3232 quoslibet
1622 3206 1640 3229 ,
1666 3177 1707 3218 δι
1722 3176 1898 3220 rebelles
1914 3203 1928 3226 ‚
1952 3190 2006 3218 ac<
2033 3172 2233 3230 praemiffis

1259 3252 1340 3281 non
1354 3244 1536 3293 parentes
1557 3249 1628 3290 per
1643 3235 1871 3285 sententias,
1885 3233 2135 3284 censuras‚&
2149 3247 2236 3287 poe·

1260 3311 1329 3340 nas
1350 3294 1670 3346 Ecclefiassicas,
1689 3296 1843 3350 aliaque
1860 3300 2089 3348 opportuna
2116 3290 2236 3346 juris,

1258 3357 1298 3397 8(
1316 3354 1407 3398 faeti
1421 3354 1593 3397 remedia
1605 3382 1621 3404 ,
1636 3354 1772 3401 omni,
1786 3355 1825 3393 ἀ
1838 3364 2089 3407 quacumque
2099 3348 2236 3404 appel-

1259 3414 1415 3456 latione
1429 3443 1445 3463 ,
1473 3411 1633 3454 recursu
1649 3441 1662 3463 ,
1692 3409 2036 3466 &ffreclamatione
2054 3409 2234 3456 remotis,

1259 3471 1567 3527 compescendo,
1581 3472 1770 3512 invocato
1782 3469 1902 3510 etiam
1917 3467 2078 3515 adhoc,
2089 3456 2116 3507 ri
2132 3478 2234 3518 opus

1258 3529 1395 3583 fuerit,
1404 3528 1562 3570 auxilio
1572 3527 1721 3571 brachii
1736 3524 1940 3568 saecularis.
1957 3530 2050 3568 Non
2074 3524 2233 3567 obstan-

1259 3589 1368 3631 tibus
1383 3595 1579 3640 quatenus
1593 3600 1692 3640 opus
1709 3583 1754 3626 fit
1768 3597 1928 3626 recime.
1944 3580 2135 3626 Bonifacii
2153 3585 2228 3627 Pa-

1257 3660 1313 3700 pae
1333 3642 1586 3687 vul-etiam
1602 3640 1890 3698 praedecefforis
1913 3643 2042 3684 nostri*
2069 3641 2120 3684 de
2133 3655 2228 3693 una,

1253 3705 1295 3746 Bt
1308 3705 1348 3745 in
1364 3702 1563 3746 Concilio
1571 3701 1747 3755 generali
1764 3700 1874 3743 edita
1902 3701 1955 3744 de
1970 3701 2119 3744 duabus
2137 3700 2227 3742 die·

1254 3761 1323 3814 tis,
1335 3761 1563 3816 caeterisque
1578 3762 1617 3802 in
1631 3759 1878 3858 contrprium
1887 3758 2123 3804 facientibus
2136 3760 2226 3859 fqui-

1797 3831 1818 3859 a
2081 3821 2136 3861 bu
2153 3841 2170 3851 -
