2508 4218
962 166 1428 254 Praenotatio
1451 230 1465 245 .
2002 205 2037 260 1
2051 206 2103 262 0
2118 209 2152 263 1

353 316 492 366 Circa
524 316 615 368 haec
640 313 735 382 ipsa
756 327 915 365 autem
942 317 1089 366 Sacrae
1118 310 1502 385 congregationis
1539 314 1738 360 Decreta
1759 317 2039 369 monendum
2063 341 2225 375 occur-

219 388 312 444 rit,
341 386 495 453 quod,
517 388 811 454 quantumvis
840 385 1102 438 authentico
1129 384 1331 450 polleant
1362 384 1407 429 vi
1445 397 1523 429 ore
1540 416 1555 437 ,
1577 396 1660 446 pro
1686 383 1926 442 cujuslibet
1951 399 2102 438 tamen
2118 392 2227 443 Mis·

217 455 397 508 fionarii
427 455 618 507 arbitrio
643 455 703 511 ad
732 454 1036 509 universalem
1069 451 1200 505 usum
1234 450 1284 503 ἀ
1313 397 1680 517 conigequentiam
1716 447 1847 499 facile
1875 454 1994 501 trahi
2032 473 2122 507 non
2151 460 2223 507 de·

218 527 350 579 beant
373 563 387 576 .
431 527 750 599 Una-quidem
772 524 836 575 est
864 529 910 577 in
937 524 1150 577 omnibus
1189 521 1482 577 Miffionariis
1512 519 1821 575 habendarum
1849 517 2122 574 facultatum
2154 543 2229 574 ne.

218 597 418 656 ceffitas,
449 597 526 653 sed
557 615 647 651 non
675 595 738 646 est
769 614 855 651 una
884 599 1097 649 omnium
1122 591 1393 648 Miffionum
1421 591 1471 643 ὅ(
1500 594 1712 646 locorum
1739 591 1946 646 conditio
1964 626 1981 647 ,
2013 594 2116 640 hinc
2148 611 2229 643 nec

217 667 267 720 ἀ
293 666 388 736 ipsa
413 671 515 722 Sac.
546 668 860 744 Congregatio
885 666 1097 719 omnibus
1124 662 1418 717 Miffionariis
1461 680 1599 714 unam
1635 662 1919 729 eandemque
1952 658 2229 714 facultatum

197 737 464 792 ,formulam
495 739 720 811 largitur,
750 735 826 786 sed
858 755 957 788 eam
975 773 991 796 ,
1009 754 1106 803 quae
1135 732 1385 788 diverfitati
1414 734 1504 782 loci
1528 731 1602 785 seu
1632 731 1834 789 Personae
1861 736 2233 802 congruit,con-

217 808 341 860 cedit
363 809 420 861 ab
454 809 550 861 aliis
576 806 803 863 diversam
820 843 834 861 .
871 811 971 859 Nec
991 824 1121 860 mens
1151 806 1279 856 Sacri
1315 801 1509 855 Senatus
1526 804 1622 862 est,
1657 819 1710 855 ut
1728 840 1745 863 ,
1773 803 1902 872 quod
1931 820 2016 872 pto
2045 800 2225 870 speciali

216 877 432 931 Miffione
455 877 504 935 ἃ
531 875 635 931 casu
653 877 890 934 individuo
906 877 962 929 ab
983 875 1080 946 ipso
1095 876 1298 932 decisum
1311 874 1376 926 est
1394 912 1409 932 ,
1430 874 1630 931 violent&
1656 874 1704 933 ἃ
1730 872 1991 945 imperfecta
2018 875 2230 925 illatione

152 959 165 978 “·“
214 948 273 1001 ad
289 966 472 1001 omnem
488 948 751 1005 Missionem
768 948 845 1013 ,ἃ
870 948 1094 1002 Miffionis
1110 946 1264 999 casum
1289 963 1554 1017 torqueatur
1573 982 1586 997 .
1613 945 1907 1015 inspiciendae
1925 943 2030 998 sunt
2061 948 2086 995 a
2114 940 2233 995 Mis-

212 1017 408 1075 fionario
432 1017 668 1074 facultates
694 1019 775 1088 ipfi
804 1038 887 1089 pro
918 1018 995 1072 sua
1025 1018 1236 1074 Miffione
1267 1019 1316 1070 in
1341 1016 1516 1089 specie,
1540 1016 1589 1070 ἃ
1621 1016 1889 1087 singillatim
1918 1012 2131 1068 concessae
2148 1012 2231 1073 ,ἃ

213 1091 282 1142 hai
308 1088 394 1141 fint
427 1088 507 1161 ipsi
524 1090 642 1157 justa
669 1093 744 1142 illa
776 1090 1084 1157 decempeda,
1108 1088 1358 1145 secundum
1386 1107 1522 1155 quam
1556 1091 1723 1143 limites
1760 1087 1847 1140 suae
1877 1087 2110 1157 potestatis
2136 1103 2232 1137 me·

213 1164 382 1213 tiatur.
420 1165 508 1218 Pro
534 1161 704 1217 casibus
745 1160 1091 1230 particularibus
1129 1162 1217 1213 alia
1256 1166 1450 1211 Decreta
1482 1158 1670 1213 serutari
1706 1174 1752 1211 et
1789 1158 2024 1209 consulere
2054 1194 2070 1217 ,
2108 1158 2232 1209 aetio

107 1240 110 1244 '
213 1231 398 1300 quidem
414 1234 578 1288 rationi
601 1230 796 1288 consona
822 1231 1058 1289 censetur,
1087 1231 1163 1283 ubi
1184 1247 1335 1287 tamen
1366 1232 1438 1279 vel
1475 1233 1564 1281 loci
1588 1230 1856 1288 diversitas,
1887 1231 1964 1279 vel
1990 1229 2117 1278 casi‘is
2135 1225 2228 1277 dis-

210 1304 375 1372 paritas
404 1306 461 1358 ali
498 1305 658 1361 naliter
682 1303 967 1361 advertitur,
989 1302 1226 1357 recedatur
1254 1301 1311 1357 ab
1333 1302 1478 1355 aliena
1502 1315 1548 1357 et
1579 1316 1701 1355 torta
1731 1298 2052 1368 consequentia
2061 1333 2077 1358 ,
2105 1313 2153 1349 et
2179 1295 2231 1358 ste

212 1374 334 1427 milis
358 1373 456 1422 deci
478 1391 526 1423 io
547 1371 758 1428 disairnili
785 1391 875 1425 non
904 1375 1159 1442 applicetur
1179 1372 1330 1427 casui.
1890 1371 1893 1373 “

350 1445 451 1493 Nec
482 1443 622 1494 etiam
650 1445 696 1494 in
724 1445 808 1494 hac
835 1447 948 1495 tomi
982 1459 1107 1512 parte
1142 1442 1402 1506 hujusmodi
1436 1446 1631 1495 Decreta
1669 1441 1970 1500 exhibentur,
1999 1454 2051 1496 ut
2075 1438 2234 1493 confu-

208 1507 258 1564 so
285 1513 475 1581 illorum
506 1512 588 1565 usu
610 1516 657 1564 in
689 1513 925 1571 Miffionea
950 1515 1191 1568 inducatur
1222 1512 1527 1581 perniciosum
1566 1517 1703 1564 chaos
1738 1548 1754 1571 ,
1783 1510 1858 1564 sed
1894 1514 2000 1564 ideo
2033 1507 2234 1561 referun-

210 1597 286 1641 tur
308 1619 326 1643 ,
354 1599 406 1635 ut
439 1584 630 1642 historiae
665 1585 858 1642 Otdinia
882 1586 1187 1655 diplomatica
1218 1584 1497 1638 deserviatur
1529 1619 1544 1641 ,
1576 1584 1625 1635 ὅ(
1663 1584 1917 1637 veneranda
1954 1581 2231 1650 Apostolicae

208 1653 339 1706 Sedis
364 1660 652 1712 Documenta
670 1692 685 1716 ,
712 1675 806 1724 quat
831 1658 941 1708 alias
967 1660 1011 1706 in
1042 1656 1230 1706 Archivi
1260 1653 1421 1706 forulis
1447 1653 1805 1712 marcescerent,
1821 1655 1868 1704 in
1901 1654 2082 1722 publica
2105 1653 2233 1703 char-

209 1736 256 1776 ta
297 1741 542 1794 perennent
559 1763 575 1786 ,
607 1726 656 1779 δι
688 1727 844 1796 aque,
871 1727 983 1797 quid
1010 1729 1122 1777 olim
1151 1728 1271 1776 circa
1301 1724 1535 1777 Miffiones
1558 1726 1713 1776 assum
1735 1723 1787 1775 fit
1804 1760 1820 1783 ,
1848 1744 1899 1775 ac
1919 1723 2029 1792 quid
2057 1726 2232 1790 imprae,

211 1792 457 1847 sentiarum
492 1813 683 1870 agatur,
711 1801 786 1853 vel
812 1798 868 1848 ad
890 1798 1140 1876 gaudium,
1173 1799 1247 1851 vel
1277 1798 1335 1853 ad
1366 1796 1600 1853 stimulum
1628 1832 1644 1861 ,
1675 1797 1749 1852 vel
1785 1795 1843 1847 ad
1883 1795 2233 1860 eruditionem...

211 1866 239 1915 a
266 1866 554 1926 Nostratibua
579 1867 881 1938 conspiciatur
896 1905 909 1921 .

270 1979 274 1981 .
368 1941 444 1988 Ne
483 1941 620 1990 etiam
658 1940 874 2007 praecipiti
923 1936 1114 1991 confilio
1165 1941 1397 1991 Preconea
1449 1938 1575 1991 Fidei
1626 1937 1684 1990 ad
1734 1937 2084 2006 privilegiorum
2134 1934 2230 1990 suo·

215 2023 317 2056 rum
362 2006 541 2072 asylum
583 2007 848 2079 confugiant
890 2045 904 2066 ‚
952 2006 1255 2074 praetensoque
1297 2010 1463 2058 horum
1506 2010 1666 2075 vigore
1724 2011 2027 2056 Decretorum
2072 2011 2233 2057 Sacro-

213 2095 318 2127 rum
345 2079 436 2134 vim
467 2079 648 2134 eludere
672 2082 904 2141 nitantur,
930 2078 1143 2133 monendi
1178 2076 1306 2126 sunt.
1347 2075 1512 2145 Sparso
1527 2077 1712 2145 quidem
1744 2079 1787 2126 in
1810 2076 2077 2132 Miffionum
2108 2093 2231 2126 exer·

213 2148 322 2198 citio
351 2146 592 2218 sanguine,
620 2168 673 2203 ac
700 2145 800 2203 fuso
829 2149 1070 2215 multiplici
1102 2150 1144 2195 in
1182 2151 1322 2200 Vinea
1365 2151 1555 2198 Domini
1590 2145 1756 2201 sudore
1791 2148 1867 2201 illa
1904 2147 2234 2213 potiffimum.»

215 2232 346 2286 parta
369 2215 496 2268 fuiss‘e
534 2217 636 2289 ipsa:
661 2217 955 2274 SanRiffimae
976 2214 1255 2269 Pontificum
1280 2217 1648 2271 Constitutiones
1678 2217 1875 2274 docent,
1906 2235 1957 2267 ea
1988 2222 2228 2276 tamen,in

215 2286 511 2341 Missionibus
551 2283 799 2355 praesertim
822 2322 837 2345 ,
873 2285 1078 2359 restringi
1111 2286 1161 2341 ἀ
1203 2286 1367 2339 afflari
1395 2323 1411 2346 ,
1451 2283 1738 2342 diversarum
1780 2287 2229 2341 circumstantiarum

210 2353 347 2406 suasit
379 2354 642 2410 necessitas.
676 2355 1078 2416 Reminiscanmt,
1109 2357 1231 2426 quod
1266 2362 1465 2410 Decreta
1499 2361 1601 2412 Sac.
1631 2361 2019 2427 congregationis
2044 2373 2230 2428 genera-

81 2467 87 2472 .
160 2455 179 2476 ο
205 2426 261 2476 lis
285 2424 342 2476 de
371 2425 667 2498 Propaganda
697 2427 807 2480 Fide
831 2446 886 2478 ex
914 2427 1154 2480 Sanflione
1182 2429 1359 2484 urbani
1392 2431 1543 2481 Vlll.
1569 2430 1669 2480 vim
1700 2428 1747 2479 ἃ
1768 2432 1972 2479 valorem
2003 2430 2232 2481 Constitu-

202 2496 645 2616 feowApostolica
672 2500 964 2564 contineant,
1003 2495 1051 2553 ἃ
1082 2498 1205 2556 dieta
1241 2501 1425 2555 Sanctio
1456 2499 1512 2554 ab
1544 2502 1817 2555 Innocentio
1849 2503 1912 2553 X.
1940 2516 2099 2555 contra
2118 2498 2231 2554 Mis·

224 2569 421 2624 ionarios
451 2605 467 2626 ,
495 2569 572 2637 qui
606 2570 649 2620 in
681 2566 832 2635 Infidis
862 2568 1119 2637 Philippicis
1151 2571 1333 2625 Demea
1354 2570 1557 2638 prediHae
1600 2569 1943 2640 congregationis
1961 2571 2111 2643 ficere
2139 2587 2231 2620 ean·

205 2638 299 2687 rhen
325 2642 547 2705 opinionem
572 2639 825 2705 probabilem
846 2674 861 2698 ,
892 2659 940 2688 ac
963 2639 1040 2708 ff
1064 2638 1212 2706 p‘uram
1235 2642 1535 2707 &staplr'cm
1562 2641 1881 2695 declarationem
1914 2680 1930 2701 ,
1962 2645 2066 2692 undo
2102 2648 2229 2691 etiam

206 2713 453 2766 contrarium
474 2710 599 2778 poffie
621 2710 814 2779 defendi,
830 2710 1307 2779 divulgaruntssuerit
1338 2710 1608 2762 confirmata
1630 2747 1643 2759 .
1668 2711 2029 2765 Reminiscantur
2060 2748 2075 2769 ,
2107 2711 2230 2778 quod

175 2806 177 2809 ⁴
203 2777 359 2848 {eipso
383 2815 399 2839 ,
420 2782 544 2848 quod
575 2779 835 2840 hujusmodi
867 2786 1062 2833 Decreta
1090 2818 1104 2838 ,
1148 2780 1566 2835 Constitutionibus
1596 2784 1944 2849 privilegiorum
1977 2781 2062 2830 fint
2084 2781 2228 2848 poste-

138 2847 144 2861 '
206 2850 359 2909 riora,
384 2851 451 2905 hae
482 2869 561 2918 per
592 2853 671 2903 illa
697 2850 1016 2908 infirmentur,
1046 2850 1213 2902 ac'suo
1241 2866 1425 2902 careant
1459 2854 1620 2920 vigore
1647 2885 1659 2900 .
1702 2856 1938 2903 Revocata
1960 2866 2115 2905 autem
2144 2868 2229 2918 pro

205 2935 334 2988 parte
367 2921 605 2999 privilegia
621 2956 638 2980 ,
659 2923 735 2989 qui
764 2919 875 2972 scire
900 2922 1070 2980 ambit,
1104 2921 1418 2976 Verricellum
1450 2922 1499 2975 de
1517 2921 1659 2987 Apost.
1693 2920 1966 2986 Mtfflombus
1984 2927 2058 2970 tit.
2077 2940 2167 2970 xvx
2184 2939 2224 2970 1.

205 3006 339 3059 quem
370 2990 520 3046 Rffius
554 2995 605 3045 P.
626 2992 854 3045 Bremond
882 2997 980 3056 ,ἰᾶσι
1005 2995 1114 3045 alias
1153 2992 1361 3045 laudatus
1395 3008 1498 3040 tom.
1520 3011 1669 3047 vtu.
1704 2991 1885 3047 Bullarii
1916 2994 2071 3048 Ordin.
2090 2991 2225 3047 Praed‚

199 3072 297 3129 pag.
305 3077 420 3129 345.
446 3059 727 3116 neceffarioa
757 3061 1056 3113 Missionariis
1091 3064 1333 3131 legendum
1362 3077 1548 3120 monet,
1574 3059 1808 3116 consulat:
1838 3063 2043 3134 inspiciat
2077 3080 2226 3112 recen-

202 3131 340 3186 tiores
370 3133 524 3187 Bullas
554 3130 603 3189 ὅ(
627 3131 984 3190 constitutiones
1017 3132 1274 3185 pontificias
1308 3169 1323 3192 ,
1354 3132 1510 3183 lustret
1546 3132 1790 3188 modernos
1829 3134 1885 3188 de
1928 3132 2222 3186 Missionibus

204 3212 388 3271 agentes
422 3202 652 3256 Authores
671 3238 686 3260 ,
704 3217 783 3253 aut
812 3206 996 3257 noviter
1024 3203 1080 3252 de
1107 3205 1158 3256 iis
1190 3206 1432 3271 evulgatos
1467 3203 1654 3262 Libros,
1682 3203 1731 3255 ὅ(
1759 3206 1804 3253 in
1835 3208 1885 3254 iis
1905 3207 2034 3270 plura
2069 3208 2221 3272 Regu·

205 3273 390 3393 lar-iumd
409 3274 529 3325 circa
558 3270 796 3329 Missiones
827 3275 1067 3347 privilegia
1101 3308 1117 3337 ,
1165 3274 1223 3329 ad
1256 3277 1476 3329 terminos
1502 3276 1616 3343 jutis
1647 3275 1835 3331 reducta
1876 3274 1998 3329 facili
2036 3275 2225 3346 negotio

206 3359 356 3393 anima
395 3357 564 3396 vertet.

343 3416 424 3467 Ut
452 3411 634 3468 tandem
660 3413 785 3464 viam
802 3449 817 3471 ,
847 3431 986 3480 quam
1016 3413 1229 3482 ingressus
1254 3412 1354 3470 sum
1375 3451 1389 3473 ‚
1420 3414 1684 3468 abbreviem
1720 3451 1735 3475 ,
1763 3413 1998 3481 regredior
2025 3414 2083 3464 ad
2118 3417 2223 3465 Fra·

120 3501 125 3503 ·
204 3495 293 3533 tres
311 3485 644 3555 ,quipraeclaro
656 3481 1048 3538 Missionariorum
1078 3484 1331 3538 charaClere
1360 3500 1436 3539 aut
1454 3490 1550 3547 jam
1580 3483 1682 3533 sunt
1715 3482 1912 3552 infigniti
1936 3519 1951 3540 ‚
1976 3499 2055 3535 aut
2076 3483 2224 3534 adhuc

206 3549 495 3618 insignientur
514 3589 530 3612 ,
553 3552 716 3621 eosque
744 3555 789 3603 in
822 3556 1027 3607 Domino
1055 3554 1270 3608 exhortor
1289 3590 1303 3612 ‚
1333 3569 1384 3607 ut
1415 3571 1505 3603 non
1532 3552 1680 3604 solum
1718 3556 1762 3601 in
1802 3553 2016 3609 omnibus
2059 3551 2223 3621 seipsos

203 3623 430 3690 praebeant
457 3627 717 3692 exemplum
745 3626 970 3676 bonorum
987 3640 1178 3687 operum
1195 3657 1210 3679 ,
1241 3623 1404 3676 firniles
1427 3619 1533 3674 fasti
1551 3627 1597 3671 S.
1618 3620 1986 3691 Regisjosaphat
2003 3623 2220 3679 Sacerdo-

179 3700 185 3703 χ
207 3693 358 3751 tibus,
387 3697 458 3761 qui
485 3696 680 3745 docebant
699 3696 905 3760 populum·
924 3697 968 3744 in
997 3692 1123 3765 ‘Juda
1144 3726 1159 3749 ,
1186 3694 1379 3748 babentes
1403 3691 1578 3744 Librum
1607 3692 1733 3759 Legis
1765 3694 1937 3745 Domini
1951 3729 1968 3752 ,
1994 3701 2048 3750 69?
2076 3697 2222 3744 circui·

204 3765 302 3815 bant
325 3762 497 3816 ,cunilae
517 3763 664 3816 Urbes
694 3765 826 3834 ‘Judc
856 3800 871 3824 ,
912 3779 1036 3833 atque
1072 3761 1308 3813 erudiebant
1332 3762 1526 3828 populum
1561 3797 1578 3821 ,
1616 3761 1781 3819 verum
1822 3765 1960 3815 etiam
1989 3765 2015 3815 a
2049 3767 2220 3833 triplici

2037 3852 2151 3885 vltlo
