2496 4172
1026 146 1516 265 Apostolica.

248 297 426 346 eeffarias
441 297 676 355 diligentias
689 326 703 349 ‚
721 295 874 342 aditum
890 293 941 339 ad
962 292 1145 351 Nigrim
1159 294 1230 338 ha-

248 363 346 405 bere
357 372 440 402 non
456 368 650 413 poterunt
664 386 678 410 ‚
697 360 747 401 ad
765 358 861 401 alias
879 355 1082 410 Regiones
1097 352 1230 396 India-

246 432 341 464 rum
355 418 629 461 Orientalium
645 447 661 471 ,
692 417 756 462 vel
784 412 1111 462 occidentalium
1141 412 1235 458 sea

248 476 474 523 transferre
492 477 655 521 valeant
673 490 765 520 cum
792 474 938 518 eisdem
954 470 1234 524 facultatibus3

247 540 367 583 Sacra
382 535 662 592 Congregatio
677 532 828 577 censuit
843 534 880 574 in
899 532 987 575 casu
1000 529 1231 587 propofito,

244 595 439 654 praedietis
453 592 704 638 Miffionariis
723 588 973 648 affignandos
999 589 1074 632 effe
1088 590 1233 633 Genti-

247 658 308 700 les
339 654 448 697 circa
482 655 630 697 flumen
651 656 906 702 Marannon,
938 646 1002 690 seu
1020 652 1093 692 Rio
1109 649 1154 691 dc
1176 650 1232 690 Ias

246 719 468 761 Amazonas
480 714 530 756 ab
554 714 611 756 eis
624 710 898 762 excolendos;
921 708 962 749 δι
974 707 997 750 si
1018 708 1230 750 Provincia

247 773 550 829 Capueinorum
569 771 763 814 Valentiae
777 767 938 812 eosdem
953 767 1141 810 Gentiles
1157 781 1229 811 ex-

247 830 446 876 colendos
476 829 645 885 iitscepit
675 857 691 882 ,
737 827 963 872 Andalufiae
993 826 1231 870 Miffionarii

243 899 403 949 partem
445 888 721 944 praedietorum
765 886 992 931 Gentilium
1034 884 1231 930 assument

239 947 515 1000 instruendm,
528 948 569 991 δι
585 946 792 990 Valentini
811 947 929 989 aliam
946 955 1121 1002 partem3
1139 959 1228 987 nam

243 1021 334 1053 cum
354 1006 640 1050 fintinnumeri
676 1006 847 1062 praedieli
864 1005 1078 1056 Gentiles,
1109 1017 1222 1048 notu

245 1067 373 1112 solum
407 1066 624 1109 Andalueii
648 1066 689 1110 δι
718 1064 927 1107 Valentini
961 1062 1191 1106 Miffionarii
1209 1089 1225 1112 ‚

245 1126 313 1170 sed
331 1125 401 1167 alii
418 1125 539 1168 etiam
556 1123 748 1179 Religiofi
775 1124 813 1165 in
839 1137 886 1166 ea
901 1122 1033 1168 vinea
1056 1122 1224 1168 Domini

244 1183 468 1230 excolenda
478 1184 668 1240 occupari
683 1178 844 1240 poffunt
858 1211 873 1237 9

302 1307 366 1369 Εκ
387 1299 693 1359 Archivopraed.

244 1426 1225 1468 -η--ι-----.-“

243 1539 515 1593 Praefestura
535 1541 766 1594 Missionis
784 1543 810 1593 a
830 1546 883 1594 P.
898 1539 1110 1610 Gasparo
1136 1539 1225 1590 δε.)

311 1614 517 1673 Sevilla,
548 1615 594 1663 in
622 1617 672 1664 P.
711 1614 1010 1682 Fulgentium
1045 1614 1224 1662 Grana·

307 1680 481 1732 tensem
528 1683 867 1734 Provincialem
912 1679 995 1732 sub
1037 1681 1220 1731 nornine

305 1753 494 1825 proprio
505 1787 522 1813 ,
536 1752 586 1806 <St
597 1770 687 1804 non
701 1752 748 1804 vi
764 1749 907 1805 officii
927 1748 1217 1802 transfertur.

240 1897 457 1938 Decretum
473 1897 562 1936 Sae.
574 1894 892 1950 congregationis
903 1894 949 1935 de
968 1892 1218 1949 Ropagandae

358 1952 459 1997 Fr‘de
485 1951 632 1995 habite
657 1953 718 1996 die
730 1964 771 2003 5.
789 1951 1109 2007 Novemb.t646.

358 2067 475 2112 Elaia
507 2067 690 2114 instantia
721 2070 945 2115 Provinciae
989 2069 1222 2126 Capucino·

384 2142 471 2171 rum
490 2129 715 2187 Andalufiae
743 2146 816 2184 pro
835 2129 1094 2174 translatione
1117 2131 1222 2172 Prae-

235 2187 398 2230 fecturae
427 2186 652 2231 Miffionum
669 2190 974 2246 Capucinorum
1002 2187 1052 2230 ad
1081 2187 1220 2242 Nigri·

233 2255 297 2290 tas
309 2273 323 2296 ‚
339 2248 378 2288 δι
394 2246 636 2289 facultatum
657 2260 732 2303 pro
745 2249 847 2291 dieta
861 2247 1041 2292 Miffione
1055 2243 1219 2288 conces·

232 2305 366 2347 sarum
380 2332 394 2355 ‚
410 2304 430 2345 a
447 2307 490 2347 Ρ.
507 2305 688 2358 Gasparo
700 2306 752 2350 de
767 2307 907 2350 Sivilla
921 2308 960 2349 in
976 2303 1221 2361 personam-0

230 2364 279 2406 Ρ.
299 2361 503 2416 fulgentii
516 2361 567 2403 de
581 2364 762 2404 Granata
789 2366 890 2408 novi
916 2364 1218 2418 Capucinorum

232 2419 453 2467 Andalufiae
472 2419 763 2468 Provincialist
793 2425 914 2466 Sacra
934 2420 1219 2476 congregatio

232 2478 399 2538 praefatae
429 2475 620 2520 Missionis
650 2477 882 2524 Praefeelum
918 2480 987 2524 fiib
1012 2479 1216 2524 nomino

231 2537 420 2596 proprio,
432 2537 472 2577 δι
485 2549 567 2578 non
579 2536 716 2587 officii,
733 2538 883 2583 dietum
903 2542 946 2581 Ρ.
962 2538 1217 2594 Fulgentiuru

231 2594 454 2639 declaravit
483 2593 524 2633 δι
550 2595 780 2638 constituit:
804 2597 933 2653 &pro
946 2596 1218 2638 translatione

231 2652 471 2699 facultatum
484 2649 587 2706 juffit
603 2652 704 2695 adiri
733 2655 918 2697 Sanctum
945 2652 1134 2696 Officium
1146 2678 1159 2694 .

352 2713 497 2755 Romae
510 2709 576 2754 die
589 2712 629 2754 &
641 2724 746 2755 anno
761 2740 776 2766 ,
787 2712 932 2772 quibus
956 2710 1072 2770 supri
1083 2739 1099 2754 .

291 2831 352 2875 Ex
366 2826 733 2884 Archivopraediffo
742 2856 755 2871 .

231 2965 1215 2988 ——n—-u—-u-—un———n

237 3062 405 3116 Missio
422 3065 479 3116 ad
496 3066 622 3118 aliud
638 3066 907 3120 decennium
920 3081 1213 3139 prorogatur.

229 3184 445 3226 Decretum
458 3183 488 3226 S
490 3198 547 3227 ac.
563 3187 873 3245 congregationis
890 3188 935 3230 de
960 3187 1212 3244 l’ropaganda

333 3243 431 3287 Fide
443 3243 673 3305 habitaefieb
684 3246 745 3289 die
766 3259 781 3290 1
790 3260 830 3289 a.
841 3248 966 3301 quui}
984 3247 1062 3296 165
1068 3247 1107 3290 6.

324 3361 572 3416 Roponente
586 3362 904 3406 Eminentiffimo
915 3365 1098 3407 Domino
1111 3369 1213 3408 Car-

273 3476 282 3484 ·
346 3418 471 3462 dinali
499 3418 647 3464 Sfortia
667 3421 851 3465 libellum
875 3420 1086 3478 supplicem
1115 3427 1209 3468 Fra-

229 3482 303 3516 trls
332 3478 540 3534 seraphini
566 3480 619 3522 de
647 3482 760 3524 Leon
782 3479 979 3536 Capucini
994 3511 1010 3535 ,
1036 3484 1210 3537 petentis

225 3537 552 3590 prorogationem
568 3538 759 3583 Missionis
785 3540 831 3582 ad
850 3540 1060 3597 Nigritasz
1086 3544 1207 3584 Sacra

223 3594 502 3658 Congregatio
530 3597 580 3639 ad
607 3597 715 3642 aliud
735 3600 972 3642 decennium
985 3629 1002 3652 ‚
1021 3599 1208 3642 dietam,

216 3649 439 3716 Miffionem
458 3658 690 3711 prorogavit
721 3673 812 3700 cum
831 3655 970 3700 iisdem
1001 3657 1207 3701 facultati-

220 3707 296 3751 bus
311 3735 325 3757 a
354 3710 510 3764 juribus
526 3739 539 3762 ,
564 3715 603 3756 δι
619 3717 842 3772 privilegiis
859 3719 934 3759 &c-
972 3720 1019 3760 ln
1037 3730 1207 3773 quorum

217 3764 428 3872 fidemThas
446 3770 656 3874 patientes
667 3789 784 3820 manu
801 3776 935 3821 nostra
949 3773 1207 3832 subscriptas,

359 3840 431 3871 om.
515 3856 524 3868 .

2042 176 2212 282 '337

1290 294 1413 338 solito
1441 291 1571 359 ligillo
1599 294 1730 361 Sacrae
1761 301 2099 360 Congregatiouis
2119 312 2271 356 muniri

1287 354 1571 396 mandavimus
1587 379 1601 403 ,
1617 351 1684 394 dte
1704 367 1717 393 1
1733 367 1765 395 ι.
1778 358 1887 411 Junii
1906 365 2038 415 1657,-

1354 477 1413 517 Ex
1428 469 1602 515 Archivo
1611 468 1805 528 prediblo
1817 500 1831 513 .

2042 611 2273 634 -1-—4

1396 710 1549 778 Miffi'o
1575 710 1728 762 Portas
1763 710 1908 760 SanHi
1935 710 2170 762 Michaelis

1582 788 1827 835 Marmora
1846 782 1953 833 difli
1967 819 1982 833 .

1290 924 1456 978 Missio
1495 931 1712 981 Fratrum
1751 925 2011 977 nostrorum
2051 925 2097 974 in
2133 936 2272 993 portu

1358 1003 1406 1048 S.
1429 999 1698 1056 Michaelis,
1729 997 1954 1048 Marmora
1981 1010 2274 1065 nuncupato,

1359 1067 1408 1120 ὅ(
1435 1071 1478 1117 in
1508 1083 1635 1137 parte
1654 1067 1822 1120 Africae
1848 1070 1968 1119 ultra
1999 1085 2126 1117 mare
2156 1064 2270 1124 fito,

1359 1138 1548 1260 {nstante
1580 1137 1805 1211 Episcopo
1844 1138 2079 1191 Gaditano
2109 1153 2272 1208 appron¹

1391 1223 1522 1260 atur.

1288 1356 1503 1398 Decretum
1514 1354 1599 1393 sac.
1613 1352 1928 1406 congregationis
1952 1351 1997 1392 de
2011 1352 2268 1407 Propaganda

1444 1409 1543 1455 Pide
1557 1410 1694 1465 habite
1709 1409 1771 1451 dle
1790 1422 1831 1462 7.
1851 1407 1962 1465 Majr‘
1981 1406 2106 1461 1646.

1403 1540 1592 1584 Eferente
1606 1536 1929 1583 Eminentiffimo
1956 1536 2137 1581 Domino
2165 1537 2271 1579 Car}

1429 1599 1554 1640 dinali
1572 1596 1935 1641 Mnthaeolitreras
1966 1594 2153 1652 Episcopi
2181 1597 2271 1638 Gn-

1282 1658 1449 1700 dicenfis
1475 1657 1658 1699 inflantis
1673 1668 1748 1710 pro
1762 1654 1945 1697 Miffione
1958 1656 2117 1709 aliquot
2131 1658 2271 1708 Capu-
2317 1656 2323 1663 ‘

1280 1716 1468 1758 cinorum
1503 1715 1728 1759 Provinciae
1749 1713 1977 1757 Andaiusiae
2000 1710 2049 1754 ad
2064 1723 2272 1768 portum„

1282 1779 1323 1819 S.
1339 1774 1548 1819 Michaelis
1563 1803 1577 1826 ‚
1608 1778 1815 1819 Marmora
1842 1774 1881 1815 in
1911 1781 2027 1830 parte
2043 1771 2190 1814 Africae
2203 1769 2270 1811 ul·-

1282 1843 1345 1877 tra
1358 1847 1468 1876 mare
1488 1843 1767 1889 nuncupatum
1783 1859 1798 1882 ‚
1810 1833 1848 1874 &
1866 1831 2096 1876 secretario
2110 1828 2272 1886 subjun-

1283 1902 1404 1951 gente
1418 1906 1470 1936 ex
1498 1892 1647 1935 litteris
1675 1890 1902 1946 P.Gaspari
1930 1891 1951 1932 i
1978 1889 2155 1939 Smilla,
2180 1891 2269 1930 An-

1282 1951 1443 1996 dalufiae
1467 1950 1763 1997 provincialis,
1791 1950 1871 2006 jam
1899 1947 2011 1992 fuifl'e
2040 1948 2090 1991 ad
2118 1947 2270 1990 instan-

1283 2013 1381 2056 tiam
1394 2010 1488 2054 dieti
1508 2009 1724 2066 Episcopi,
1747 2022 1792 2050 ac
1813 2009 1934 2064 Regis
1948 2005 2157 2052 Catholici
2174 2005 2271 2048 mis-

1283 2073 1344 2115 sos
1369 2071 1432 2114 sex
1458 2069 1690 2123 Capucinos
1717 2066 1910 2123 praedietae
1926 2064 2269 2108 Provinciaeido-

1283 2143 1381 2174 neos
1396 2158 1411 2180 ‚
1439 2127 1612 2184 aliasque
1639 2127 1832 2182 probatos
1855 2124 2061 2168 occafione
2073 2122 2268 2168 Miffionis

1282 2190 1534 2244 Nigritarum
1549 2185 1636 2240 ejus
1655 2185 1877 2229 Provincia:
1907 2182 2123 2232 eonceff25
2146 2184 2269 2231 Sacra

1280 2245 1558 2300 congregatio
1573 2244 1720 2287 dietam
1744 2243 1967 2286 Miffionem
1990 2242 2262 2297 approbavit,

1279 2308 1319 2348 δι
1334 2318 1407 2360 pro
1436 2302 1695 2346 facultatibus
1725 2300 1831 2359 jussu
1846 2301 1949 2344 adiri
1971 2303 2162 2345 Sanctum
2185 2298 2270 2342 of..

1281 2364 1415 2408 ficium
1429 2388 1440 2402 .

1341 2485 1401 2527 Ex
1417 2480 1589 2526 Archino
1595 2481 1787 2538 pra-lma
1801 2485 1814 2523 .

1278 2715 1432 2784 Miffio
1450 2716 1667 2786 Darienfis
1683 2719 1729 2766 in
1745 2714 1881 2766 ludii.
1904 2712 2260 2766 occidentalibus.

1277 2836 1551 2889 Missionem
1565 2840 1609 2887 in
1628 2833 1832 2887 Darienfi
1854 2834 2096 2886 Indiarurn
2117 2835 2262 2885 Occi-

1347 2910 1605 2960 dentalium
1643 2910 1887 2958 Provincia
1932 2924 2011 2974 per
2064 2922 2262 2973 quatuor

1346 2983 1609 3048 Capucinos
1625 2978 1889 3030 Sacerdotes
1904 3012 1919 3035 ,
1948 2976 1996 3028 ὅ(
2026 2981 2101 3027 Fr.
2122 2981 2258 3025 Fran·

1342 3051 1512 3101 ciscum
1544 3051 1600 3101 de
1616 3051 1891 3118 pampelona
1920 3050 2111 3099 Laicum
2142 3046 2260 3097 insti·

1343 3123 1413 3172 tui
1439 3122 1729 3173 decernitur.

1271 3251 1483 3296 Decretum
1504 3257 1589 3295 sac.
1606 3251 1922 3308 congregatIonIs
1936 3247 1983 3291 de
2005 3245 2258 3303 Propaganda

1406 3312 1506 3355 Fide
1519 3311 1669 3355 habite·
1683 3311 1744 3354 die
1753 3321 1792 3363 3-
1811 3307 1981 3366 Augusti
1999 3306 2124 3360 1646.

1393 3429 1589 3472 Eferente
1611 3425 1941 3472 Eminentissimo
1963 3422 2138 3465 Domino
2152 3426 2259 3466 Car-

1419 3488 1543 3530 dinali
1563 3488 1809 3530 Albornotio
1824 3486 1875 3527 de
1890 3484 2120 3528 necessitate
2139 3481 2256 3524 unius

1271 3547 1468 3590 Missionis
1482 3546 1529 3587 ad
1557 3545 1807 3588 Provinciam
1833 3542 2038 3585 Indiarum
2053 3540 2256 3582 Occiden-

1267 3605 1409 3648 talium
1427 3605 1593 3646 Darien.
1620 3611 1917 3658 nuncupatam3
1942 3601 2060 3642 Sacra
2072 3604 2256 3655 Congre-

1268 3665 1380 3719 gatio
1400 3662 1610 3710 decrevit,
1627 3673 1671 3704 ut
1686 3662 1812 3707 insti.

1382 3720 1519 3764 Primo
1534 3750 1547 3761 .
1579 3721 1745 3764 Censuit
1773 3722 1812 3762 in
1844 3717 2049 3773 praefatam
2077 3718 2251 3763 Provin-

1266 3781 1371 3824 ciam
1385 3794 1484 3825 auro
1500 3778 1776 3823 abundantem
1793 3808 1807 3831 ,
1820 3777 2045 3822 faciendam
2059 3774 2136 3820 effe
2152 3780 2249 3822 Mis·

1718 3839 1756 3881 V
1776 3852 1801 3880 u
2123 3835 2192 3880 fio-
