2496 4172
1001 120 1428 236 Apostolica
1456 180 1471 198 .

1002 334 1224 399 ΝΟ

2042 167 2201 246 413

1317 335 1375 398 T
1467 333 1528 397 A

380 498 460 540 Um
473 494 521 538 ad
539 495 797 548 Superiorem
811 495 1051 541 relationem
1066 494 1186 539 Sacra
1202 494 1483 551 Congregatio
1511 491 1576 536 sua
1594 495 1758 538 confilia
1774 495 1947 539 necdum
1976 499 2130 550 cepiffet
2152 528 2165 550 ,
2196 500 2273 542 fuit

263 501 364 611 C
397 555 434 597 in
450 558 493 598 S.
509 549 678 596 consessu
699 554 835 597 habito
847 553 910 596 die
933 565 994 606 17.
1012 554 1216 598 Novemb.
1241 554 1362 606 1629.
1376 554 1520 598 eadem
1537 551 1652 598 causa
1669 554 1915 611 repropofita
1929 583 1943 607 ,
1965 556 2006 598 δι
2035 555 2084 594 ad
2103 562 2274 599 eandem

267 615 484 659 resolutum
501 641 516 667 ,
530 610 641 667 quod
657 611 863 671 sequitur-2

384 673 533 716 Relatis
555 673 704 715 litteris
729 673 891 713 Parrum
917 674 1201 726 Capacinorum
1225 672 1410 715 Valentia·
1436 671 1480 714 de
1495 670 1646 715 crudeli
1668 686 1755 715 nete
1780 674 1857 717 Fr.
1871 672 2094 726 Hieronymi
2115 673 2162 714 de
2177 676 2277 714 Con-

267 732 405 782 arten,
434 731 647 774 conventas
680 730 963 786 capucinorum
996 732 1176 773 Valentia
1191 732 1417 774 Gaui-diam·
1433 758 1447 782 ‚
1470 730 1522 772 ab
1545 731 1741 776 hereticis
1755 739 1881 786 prope
1907 732 2098 787 Oppidum
2117 735 2280 775 Privata

266 792 506 839 occitania,
531 789 624 831 dunt
647 789 674 832 a*
694 792 794 846 Rege
811 787 1126 846 Christianffmo
1138 790 1205 832 bac
1219 802 1323 832 anno
1348 790 1452 831 illud
1473 790 1744 847 obsidebatur,
1759 800 1995 846 perpetrata
2014 819 2028 841 ‚
2059 794 2097 833 s.
2112 795 2280 845 Congre-

255 847 371 907 gatia
388 845 559 904 crustat,
581 860 629 889 cx
660 848 772 891 dile
795 848 941 891 litteris
962 846 1122 890 tantdm
1145 858 1200 904 po

1189 848 1250 906 ffl
1269 852 1565 892 Procuratorem
1585 851 1819 891 Generalem
1838 850 2067 901 admoneri,
2098 860 2144 893 ut
2169 858 2279 891 curet

263 907 492 963 instantiam
507 906 604 963 fieri
626 908 732 962 apud
751 906 1007 950 Ordinart‘um
1019 908 1091 949 loce·
1111 916 1188 959 pro
1206 905 1437 962 confifflonc
1466 906 1658 965 Proeafias
1679 908 1884 952 ordinaria
1902 910 2149 952 authoritate
2158 909 2279 964 fiepcr

264 963 537 1022 urcepraefata
550 993 563 1017 ,
584 965 771 1022 t'llumque
785 994 801 1019 ,
819 966 1031 1024 postquam
1042 965 1383 1025 absblutusfaert't
1395 994 1410 1018 ,
1427 968 1480 1007 ad
1493 967 1633 1011 Urbem
1647 967 1759 1011 mitti
1775 996 1788 1010 .

379 1081 561 1128 extruet.
575 1095 622 1123 ex
635 1080 712 1127 atl-
727 1086 813 1128 sac.
830 1087 1016 1150 Gange-eg.
1028 1086 1124 1126 anm·
1143 1083 1217 1126 162
1223 1098 1263 1142 9.
1275 1094 1368 1141 pag.
1387 1095 1483 1140 357.
1498 1097 1602 1126 num.
1622 1096 1665 1136 5.

728 1221 1108 1243 .--..........-..

261 1317 505 1371 Provincia
537 1315 774 1372 Pro-vincia
789 1353 806 1381 ‚
831 1318 910 1388 flu
926 1317 970 1368 S.
993 1318 1209 1371 Ludavt‘ct‘
1222 1352 1237 1369 0

262 1447 332 1499 Ex
360 1443 500 1499 divina
546 1445 594 1497 ἃ
613 1445 833 1517 suppressa
866 1449 1104 1500 Provincia
1131 1450 1239 1499 Pro-.

331 1518 495 1568 vinciae
511 1553 524 1575 ‚
540 1514 613 1570 seu
627 1522 673 1568 S.
692 1519 914 1569 Ludovici
927 1554 944 1576 ,
958 1522 1069 1568 duas
1082 1553 1100 1576 ,
1116 1523 1238 1567 Ave-

329 1586 594 1638 nionensem
639 1590 855 1639 videlicet
903 1587 952 1638 ἃ
993 1585 1239 1638 Maffilien·

329 1654 422 1707 sem
453 1655 710 1715 constituit,
740 1658 901 1725 primae
929 1656 1133 1724 sigillum
1161 1676 1238 1707 an-

327 1728 511 1794 tiquum
543 1725 763 1798 affignat,
794 1725 843 1779 ἃ
878 1742 1121 1796 utramque
1154 1731 1240 1797 pri·

272 1800 300 1831 Ὁ
335 1797 517 1868 vilegiis
548 1799 740 1850 aliarum
755 1798 949 1850 Ordinis
977 1801 1240 1850 Provincia·

335 1883 439 1917 rum
458 1865 656 1938 gaudere
671 1867 874 1921 declarat
890 1903 904 1918 .

335 1968 769 2024 BENEDICTUS
807 1969 975 2022 PAPA
1013 1973 1158 2024 xlv.

412 2066 480 2112 Ad
495 2075 729 2128 perpetuam
752 2066 814 2112 rei
841 2072 1069 2113 memoriane
1083 2098 1096 2113 .

351 2198 530 2252 Uprema
545 2198 788 2254 Apostolicae
798 2196 1241 2254 eharitatisfflroviden-

364 2258 508 2310 tioeque
524 2258 662 2303 notlroe
674 2271 768 2313 erga
784 2270 924 2301 omnes
940 2257 1087 2302 Christi
1103 2254 1242 2299 fidele·

260 2313 318 2353 les
335 2339 349 2363 ,
378 2322 502 2367 atque
517 2325 587 2354 eos
605 2314 846 2369 potiflimum
860 2346 876 2369 ,
903 2316 972 2370 qui
1004 2318 1027 2357 ὲ
1057 2316 1238 2358 fluetibus

261 2367 389 2414 saculi
404 2370 533 2426 erepti
563 2370 613 2415 ad
627 2373 891 2428 tranquilium
902 2372 1124 2427 Religionis
1142 2386 1235 2428 por—

269 2437 356 2476 tum
369 2427 639 2486 confugerunt
657 2457 671 2480 ,
689 2431 915 2475 adhibenda
947 2431 967 2472 i
987 2431 1114 2474 Nobis
1141 2444 1237 2474 cura

267 2484 545 2542 maximopere
558 2487 729 2542 postulat
743 2500 865 2544 atque
889 2490 1012 2544 exigit
1026 2514 1042 2537 ‚
1071 2499 1118 2532 ut
1149 2504 1236 2530 om-

264 2557 358 2587 nem
377 2542 593 2587 Pontificiae
618 2546 881 2612 benignitatis
907 2546 1235 2602 auctoritatisque

264 2601 794 2729 ἓὲῗιᾯῗῶυἰῖῗῖῗὲῗῖἕῶῗ.
808 2604 1238 2732 ζ”ρᾷΐῗῃῗηζῗέᾌῗὲῗξ

263 2719 590 2828 552222132‘1‘55121
601 2730 734 2823 31:2⁹3}
750 2720 1012 2830 13¹³?ssssssssss
1024 2723 1238 2835 32:351?ss

267 2836 494 2891 Religiosos
507 2838 574 2891 ,in
593 2851 689 2894 pace
703 2835 797 2882 fiant
810 2867 827 2892 ‚
850 2841 890 2884 δι
909 2842 1044 2882 omnia
1064 2840 1113 2882 ad
1131 2841 1239 2881 divi-

265 2909 362 2938 num
378 2894 531 2940 cultum
545 2897 825 2956 adaugendum
847 2900 885 2943 3<
911 2897 1148 2954 Regularem
1175 2899 1236 2942 di-

265 2950 472 3006 sciplinam
514 2952 826 3000 confirmandam
869 2957 1196 3001 constabiliantur
1225 2985 1240 3002 .

268 3012 430 3066 Exponi
447 3010 636 3069 liquidem
646 3015 780 3058 Nobis
796 3026 925 3071 nuper
952 3014 1050 3059 feeit
1071 3016 1238 3060 dilectus

265 3067 390 3120 filius,
410 3071 644 3116 Laurentius
662 3073 897 3119 Rerellensis
914 3078 1056 3119 Frater
1077 3075 1237 3131 expres-

267 3129 309 3168 se
326 3127 579 3183 proseffus‚ac
594 3131 771 3176 Minister
787 3134 1049 3178 Provincialis
1069 3135 1238 3177 Provin-

263 3187 334 3229 ciae
353 3189 565 3233 Pariiieniis
574 3189 678 3233 Ord.
695 3192 880 3235 Fratrum
900 3194 998 3236 Min.
1014 3196 1054 3236 S.
1074 3193 1238 3238 Franci·

265 3243 319 3287 sti
336 3248 637 3301 Capucinorum
652 3260 969 3305 nuncupatorum
979 3280 994 3303 ‚
1006 3252 1134 3307 quod,
1146 3266 1237 3296 cum

267 3305 471 3349 nonnulle
495 3305 744 3352 diffenflones
768 3309 808 3350 δι
821 3309 1043 3354 animorum
1060 3310 1235 3353 limulta-

266 3371 325 3406 tes
341 3366 445 3410 inter
457 3367 615 3410 [iratres
634 3368 858 3412 t’rovinciae
870 3369 911 3410 S.
927 3367 1122 3413 Ludorici
1135 3383 1235 3414 nun.

266 3434 419 3476 eupatae
433 3424 526 3469 dieti
541 3425 706 3468 Ordinis
723 3427 904 3481 vigerent
919 3454 933 3478 ,
946 3441 1028 3482 qua:
1052 3427 1235 3484 Religio·

266 3482 342 3523 sam
369 3484 545 3539 quietem
575 3497 620 3527 ac
640 3485 886 3540 Regularem
909 3487 1238 3529 observantiam-a

267 3537 485 3595 aliquando
509 3545 759 3589 conturbare
787 3543 940 3592 solent,
965 3542 1043 3598 ipse
1059 3546 1237 3589 Lauren·

266 3597 344 3640 tius
359 3600 540 3645 Minister
558 3602 825 3646 Provincialis
840 3632 853 3655 ‚
869 3603 950 3659 quo
967 3603 1059 3645 illas
1072 3604 1237 3646 dirime-

265 3669 327 3699 ret
350 3659 387 3700 &
401 3672 663 3717 componeret
676 3689 690 3713 ‚
710 3663 749 3704 in
777 3660 1095 3705 commissarium
1111 3676 1236 3706 cano-

2163 1224 2280 1237 —-

1297 1317 1628 1361 etusLaurentius
1641 1319 2088 1364 MinisterProvincialis
2103 1321 2143 1359 δι
2158 1321 2282 1359 Com.

1299 1376 1488 1418 missarius
1504 1377 1689 1421 adhibitis
1705 1378 1894 1423 omnibus
1915 1377 2143 1431 diligentiis
2170 1387 2284 1415 com-

1299 1445 1461 1489 pertum
1495 1436 1618 1478 habet
1633 1462 1648 1483 ,
1679 1445 1724 1478 ut
1753 1435 1914 1477 nullum
1944 1434 2054 1475 aliud
2083 1432 2282 1476 efficacius

1298 1493 1540 1535 memoratis
1556 1492 1718 1534 diffidiis
1733 1492 2047 1547 componendis,
2061 1492 2228 1547 aliisque
2245 1491 2285 1532 in

1299 1549 1505 1605 posterum
1536 1550 1772 1593 avertendis
1806 1551 2029 1595 remedium
2063 1550 2245 1605 suppetat
2267 1577 2284 1598 ,

1297 1609 1419 1662 quim
1433 1605 1546 1663 quod
1558 1610 1796 1651 Conventus
1813 1619 2043 1653 memoratae
2060 1607 2285 1650 Provincia

1299 1668 1337 1709 S.
1354 1664 1554 1712 Ludovici
1571 1664 1864 1722 segregentur,
1889 1668 1930 1709 δι
1944 1667 2028 1708 duae
2059 1665 2285 1708 Provincia:

1299 1729 1506 1782 erigantur
1525 1750 1540 1774 ‚
1556 1725 1680 1783 idque
1693 1727 1817 1768 etiam
1831 1724 2004 1769 dilectus
2020 1722 2143 1775 filius,
2159 1722 2285 1777 Sigis-

1299 1783 1503 1827 mundusi
1520 1784 1701 1827 Ferraria
1714 1784 1810 1828 dieti
1828 1784 1933 1829 Ord.
1950 1783 2128 1828 Minister
2140 1784 2280 1826 Gene-

1300 1843 1391 1886 ralis
1402 1871 1417 1894 ,
1430 1840 1578 1899 pretio
1591 1843 1629 1886 8(
1644 1844 1866 1888 accedente
1883 1843 1963 1900 jam
1977 1843 2172 1887 consensu
2188 1842 2284 1883 cha-

1300 1900 1434 1945 riffimi
1459 1901 1498 1943 in
1513 1902 1677 1944 Christo
1699 1900 1767 1945 filii
1789 1902 1926 1954 nostri,
1940 1900 2140 1945 Ludoviei
2157 1902 2283 1943 Fran-

1300 1974 1439 2003 corum
1452 1958 1578 2015 Regis
1594 1960 1889 2004 christianiffimi
1909 1958 2167 2004 neceffarium
2195 1956 2284 1999 fore

1301 2019 1544 2064 existimavit
1572 2044 1586 2056 ·
1634 2020 1765 2063 Nobis
1787 2030 2006 2076 propterea
2029 2020 2160 2062 dietus
2181 2018 2288 2061 Lau·

1301 2081 1459 2124 tentius
1471 2078 1683 2122 humiliter
1697 2079 1902 2135 supplicari
1924 2077 2039 2131 fecit,
2053 2087 2099 2121 ut
2117 2077 2157 2120 in
2185 2089 2287 2130 ρω-

1301 2136 1418 2181 mitras
1432 2137 1662 2191 opportune
1677 2137 2019 2193 providere,&,ut
2034 2133 2290 2183 infrhindul·

1301 2209 1398 2254 gere
1412 2194 1466 2246 de
1480 2195 1733 2249 benignitate
1745 2196 1976 2252 apostolica
1992 2194 2259 2251 dignaremur
2275 2221 2287 2233 .

1302 2259 1388 2299 Nos
1418 2253 1545 2308 igitur
1574 2253 1700 2310 ipsum
1728 2256 2015 2302 Laurentium,
2048 2251 2286 2310 specialibus

1299 2312 1506 2356 favoribus
1536 2312 1577 2354 dt
1590 2314 1731 2368 gratiis
1745 2312 1929 2369 prosequi
1958 2312 2141 2356 volentes
2159 2339 2175 2363 ‚
2207 2313 2245 2353 δι
2260 2310 2284 2351 ὲ

1298 2369 1502 2430 quibusvis
1517 2373 1954 2419 excommunicationis,
1971 2368 2225 2427 suspensionis
2247 2370 2287 2409 δι

1297 2429 1504 2475 ἰοῐεῐόὶἂί
1517 2456 1532 2481 ,
1546 2429 1712 2486 aliisque
1732 2429 2015 2474 Ecclefiasticis
2046 2428 2256 2474 sententiis
2273 2456 2286 2477 ,

1295 2488 1472 2533 eenfirris
1485 2489 1525 2528 δι
1541 2489 1673 2543 poenis
1704 2490 1724 2530 a
1738 2488 1827 2543 jure
1856 2490 1920 2533 vel
1936 2491 1985 2531 ab
2002 2490 2168 2532 homine
2184 2485 2280 2542 qua·

1300 2548 1359 2590 vis
1369 2546 1578 2589 occasione
1593 2544 1657 2587 vel
1676 2546 1799 2590 causi
1814 2547 1927 2598 latis,
1959 2546 1983 2588 fi
2010 2548 2159 2602 quibus
2184 2557 2287 2601 quo-

1300 2604 1523 2649 modolibet
1536 2604 1751 2647 innodatus
1768 2604 1968 2657 existit,ad
1983 2605 2168 2649 effectum
2185 2616 2285 2660 pra-

1300 2664 1469 2708 sentium
1485 2662 1642 2707 tantum
1656 2664 1982 2721 consequendum
1997 2693 2012 2717 ,
2030 2667 2169 2709 harum
2184 2662 2284 2706 serie

1300 2722 1564 2766 absolventes
1599 2724 1639 2764 δι
1663 2721 1895 2766 absolutum
1929 2720 2017 2766 sore
2049 2722 2254 2767 censentes
2269 2749 2283 2773 ,

1301 2780 1523 2835 hujusmodi
1541 2779 1892 2836 supplicationibus
1908 2782 2107 2833 inclinati,
2125 2795 2281 2824 memo-

1302 2851 1429 2884 ratam
1459 2839 1714 2882 Provinciam
1730 2842 1949 2885 Provincia:
1974 2852 2284 2895 nuncupatam-a

1297 2900 1402 2943 Ord.
1427 2901 1614 2942 Fratrum
1642 2899 1738 2939 Min.
1773 2905 1814 2942 S.
1833 2900 2029 2943 Francisci
2048 2899 2284 2955 Capucino-

1299 2973 1402 3007 rum,
1419 2956 1662 3002 auctoritate
1678 2957 1911 3013 Apostolica
1927 2988 1943 3010 ‚
1957 2969 2099 3002 tenore
2115 2960 2283 3013 praesen-

1298 3019 1399 3061 tium
1414 3016 1707 3072 supprimimus,
1722 3031 1769 3060 ac
1786 3016 2021 3074 suppressam
2046 3015 2124 3062 effe
2149 3017 2282 3059 decla-

1298 3089 1431 3121 ramus
1446 3103 1460 3124 ,
1476 3076 1538 3120 seu
1551 3078 1807 3125 Conventus,
1823 3077 1892 3132 qui
1909 3076 2169 3122 Provinciam
2188 3078 2283 3117 Pro-

1300 3135 1436 3178 vinciae
1453 3132 1679 3189 hujusmodi
1697 3136 2005 3185 constituebant,
2015 3137 2065 3179 ab
2078 3136 2160 3190 ipsa
2178 3135 2282 3176 Pro-¹

1302 3195 1432 3238 vincia
1441 3194 1546 3236 dieta
1561 3195 1798 3237 austeritate
1809 3193 2028 3250 separamus
2042 3192 2282 3236 &dismem-

1299 3255 1458 3297 bramus
1473 3282 1488 3304 ,
1517 3266 1561 3294 ac
1577 3267 1623 3295 ex
1639 3255 1921 3297 Conventibus
1937 3281 1951 3305 ,
1968 3252 2110 3307 nempe
2134 3263 2280 3306 magno

1297 3315 1517 3355 Conventa
1534 3312 1804 3357 Avenionenfi
1819 3339 1834 3361 ‚
1864 3309 2236 3365 Carpentorae'tcnfi
2253 3337 2269 3360 ,

1294 3370 1557 3416 Caballicenfi
1573 3400 1589 3423 ,
1603 3370 1924 3426 Belloquadrenfi
1939 3399 1953 3421 ‚
1968 3367 2278 3420 Aurificanenii,

1299 3431 1554 3473 Valreacenli
1568 3458 1583 3479 ,
1610 3429 1848 3472 lnsulanenfi
1864 3459 1878 3479 ,
1895 3428 2131 3483 vapincenfi
2144 3454 2158 3475 ³
2184 3429 2279 3468 San-

1297 3489 1486 3544 spiritenfi
1500 3514 1516 3537 ,
1531 3487 1797 3531 Nemaucenfi
1812 3516 1826 3538 ,
1850 3488 2119 3531 Ebredunenst
2135 3515 2151 3541 ,
2185 3487 2277 3530 Uti-

1296 3550 1400 3590 censi
1416 3577 1431 3600 ,
1444 3545 1629 3591 Alefienfi
1643 3572 1656 3594 2
1670 3550 1783 3601 Aque
1802 3546 2010 3598 Mortenfi‚
2024 3546 2157 3590 altero
2172 3548 2276 3588 Ave-

1293 3605 1475 3657 nionenfi
1493 3605 1724 3648 Novitiatui
1739 3606 1940 3648 destinato
1971 3607 2009 3649 δι
2026 3604 2241 3660 Barjacensi
2259 3631 2275 3654 ,

1294 3666 1416 3707 unam
1433 3664 1685 3707 Provinciam
1697 3662 2016 3708 Avenionensem
2043 3678 2275 3720 nuncupan-

263 3719 351 3760 nict':
367 3719 586 3775 deputatus
603 3718 753 3765 fuerit:
784 3722 978 3779 quoniam
1009 3732 1142 3764 autem
1173 3721 1232 3764 di·
1290 3723 1413 3767 darn:
1437 3738 1488 3767 ex
1503 3724 1667 3779 reliquis
1685 3725 1780 3766 vero
1794 3724 2074 3768 Conventibus
2090 3753 2104 3775 ,
2118 3735 2270 3779 nempe

2108 3786 2220 3826 Mar-
