2496 4172
1039 168 1475 285 Apostolica
1498 238 1518 253 .

280 314 462 357 Verbum
484 317 556 359 Dei
575 345 588 368 ‚
601 318 642 360 dt
654 331 723 372 per
735 319 900 359 Sacrum
919 315 1255 372 Regenerationis

281 374 508 416 Lavacrum
532 378 571 419 in
595 377 760 420 Christo
782 386 946 419 renatos
978 378 1081 419 viam
1096 374 1256 418 manda·

281 431 417 474 tot-uni
435 433 511 476 Dei
529 449 694 479 currere
708 463 722 487 ,
744 436 800 477 ita
814 445 932 488 urget
949 438 1032 476 Nos
1051 435 1172 476 etiam
1186 458 1200 482 ,
1214 442 1258 476 ut

284 490 448 534 minime
463 495 897 549 patiamuropportuna
914 493 1154 547 Apostolicae
1166 505 1258 547 pro·

284 549 468 593 videntiae
486 578 500 602 ‚
525 551 853 609 auctoritatisque
877 551 1017 595 nostra
1041 551 1257 594 commoda

279 607 326 650 ab
341 609 430 663 ipsis
445 611 703 654 Catholicam
733 611 869 653 Fidem
884 608 1078 663 amplexis
1101 608 1256 652 defide-

283 669 390 718 rari,
410 669 550 725 quibus
574 671 615 713 δι
638 669 687 714 ad
716 667 899 713 eamdem
933 668 1072 712 Fidem
1099 666 1254 711 strenue

286 725 552 781 profitendam
568 757 584 779 ,
606 728 707 772 &ad
719 741 893 782 pugnam
909 737 1052 771 contra
1082 726 1253 780 potesta-

281 794 364 827 tem
390 787 649 829 tenebrarum
671 784 834 829 fortiter
861 785 1168 829 substituendam
1185 798 1255 840 per

282 840 453 899 Spiritils
479 844 611 886 Sancti
646 843 940 898 plenitudinem
970 845 1255 889 Sacramenta.»

280 900 606 945 confirmationis
621 902 815 946 collatam
830 905 956 959 magis
975 902 1172 961 magisque
1189 915 1256 944 ro-

280 961 474 1005 borentur
486 958 1044 1020 &confirmentur-Quoniam
1058 972 1188 1005 autem
1198 961 1255 1003 di.

279 1017 402 1061 leetus
420 1018 729 1069 Filius‚Carolus
746 1020 973 1064 Francistus
990 1024 1013 1065 a
1029 1022 1255 1064 Rotnoma-

279 1091 332 1135 go
345 1079 450 1121 Ord-
467 1081 568 1122 Min·
579 1080 617 1120 S.
634 1078 829 1122 Francisci
843 1079 1144 1134 capucinorum
1160 1079 1256 1121 Fra-

279 1146 344 1178 ter
358 1135 537 1191 expresse
547 1133 795 1193 profeffus,&
808 1138 1069 1182 Prouincialis
1084 1138 1255 1181 Provin-

281 1194 350 1238 cia.-
379 1196 660 1246 Normanniae‚
682 1197 750 1252 qui
770 1196 978 1240 Ptaefeetus
1009 1195 1199 1240 Miffionis
1215 1197 1254 1237 in

281 1251 425 1296 Infulis
437 1254 686 1297 Americanis
696 1255 916 1298 chariffimo
925 1256 964 1297 in
976 1255 1138 1299 Christo
1152 1254 1257 1296 Filio

280 1311 419 1353 nostro
440 1313 686 1356 Francorum
705 1314 809 1369 Regi
823 1312 1149 1357 Christianiffimo
1165 1313 1255 1355 sub-

277 1366 408 1424 jectis,
425 1383 498 1422 per
518 1367 692 1424 ejusdem
709 1372 813 1415 Ord.
831 1372 1008 1415 Fama.
1023 1372 1254 1427 Capueino·

279 1440 370 1470 rum
405 1427 604 1471 Alumnos
639 1430 876 1486 peragenda:
897 1457 914 1483 ,
937 1431 1191 1480 constitutus,
1205 1427 1256 1471 ad

277 1484 504 1528 Miffionem
519 1485 740 1539 hujusmodi
757 1488 1014 1540 vincamini,
1038 1489 1136 1532 illuc
1159 1501 1256 1543 pro·

278 1542 400 1587 festus
413 1571 426 1593 ‚
445 1544 538 1588 inde
554 1558 718 1591 munere
731 1545 801 1589 suo
818 1546 1073 1592 laudabiliter
1086 1545 1253 1603 perfun-

275 1604 361 1645 etus
377 1604 418 1645 in
435 1605 610 1646 Galliam
626 1605 772 1658 rediit,
791 1619 913 1660 nuper
937 1619 1009 1661 per
1034 1605 1252 1661 Epistulam

273 1657 519 1717 Rotbotnagi
565 1660 631 1705 die
665 1663 902 1706 duodecima
930 1662 1073 1706 meniis
1118 1661 1252 1703 Martii

273 1718 452 1775 proxime
467 1720 583 1773 elapsi
602 1723 800 1765 currentis
822 1722 914 1765 anni
928 1722 979 1765 ad
998 1724 1084 1764 Nos
1096 1720 1251 1770 datam,

275 1786 393 1833 atquc
408 1780 431 1822 a
444 1777 594 1821 dilecto
610 1781 762 1834 pariter
785 1778 887 1824 Filio
901 1808 915 1831 ,
941 1780 1175 1824 Cherubino
1200 1779 1250 1823 de

276 1839 414 1879 Noves
436 1865 452 1887 ,
482 1836 630 1880 laudati
652 1838 820 1883 Ordinis
848 1840 985 1882 Fratre
1007 1838 1151 1882 itidem
1177 1850 1249 1880 ex-

277 1893 408 1946 presse
433 1892 600 1949 professo
613 1921 628 1944 ,
655 1911 700 1940 ae
718 1895 942 1941 Definitore
965 1897 1159 1940 Generali
1173 1923 1187 1945 ,
1204 1910 1246 1939 e-

275 1951 422 2007 jusdem
435 1952 629 1995 Miffionis
653 1954 694 1997 in
721 1954 793 1997 ltac
812 1955 929 1999 Alma
948 1957 1059 2000 Urbe
1084 1953 1248 1998 nostra-0

275 2013 548 2054 Procuratorc
571 2012 694 2054 Nobis
713 2013 932 2056 exhibitam
955 2016 1008 2057 ita
1036 2014 1088 2056 de
1114 2013 1215 2056 statu
1231 2040 1247 2063 ,

272 2068 533 2120 conditione,
557 2069 785 2125 &profectu
814 2071 922 2115 illius
948 2070 1143 2116 Millionis
1163 2075 1248 2113 Nos

276 2126 456 2177 edocuit,
472 2139 516 2171 ut
535 2141 613 2170 non
630 2130 721 2174 leve
737 2129 948 2173 Pontificio
963 2131 1099 2175 animo
1113 2130 1246 2172 nostro

274 2196 442 2246 propter
459 2186 752 2243 persecutiones
765 2190 953 2233 adversus
979 2189 1076 2231 alias
1095 2189 1245 2231 Mimo-

273 2258 341 2289 nes
357 2245 395 2288 in
412 2246 514 2288 Sinis
530 2273 546 2300 ,
560 2248 826 2301 Concineina,
843 2247 1004 2302 aliisque
1017 2245 1162 2303 Regnis
1176 2274 1192 2298 ,
1206 2247 1243 2290 ὰ

273 2303 506 2345 Ditionibus
532 2314 661 2346 motas
691 2307 895 2359 exagitato
923 2305 1087 2348 allatum
1119 2303 1246 2348 fuerit

269 2359 454 2403 solatium
467 2386 482 2402 .
499 2359 701 2403 Nonnulla
718 2375 909 2415 praterea
938 2363 1081 2407 flatura
1097 2363 1137 2404 ar.
1157 2362 1243 2404 san.

268 2418 416 2461 &iones
429 2444 445 2471 ‚
457 2431 554 2473 quaa
581 2432 654 2473 pro
668 2418 848 2466 Miffione
872 2423 1106 2471 Americana
1133 2430 1240 2464 ante·

258 2477 373 2522 dieta
389 2476 468 2531 ipse
485 2475 657 2525 Carolus
687 2479 917 2524 Franciscus
934 2478 1241 2536 prescripserat,

268 2535 398 2582 eidem
417 2533 594 2590 Epistplae
613 2534 806 2591 adligavit
820 2565 836 2589 ,
860 2547 979 2592 atque
999 2537 1154 2582 intima!
1173 2551 1243 2583 cx-

270 2590 405 2650 posuit
418 2620 434 2645 ,
449 2595 488 2634 in
510 2596 743 2637 memoratis
760 2596 946 2639 nimirum
963 2596 1104 2641 lnsulis
1121 2599 1242 2639 Ame-

271 2651 414 2697 ricanis
441 2650 610 2693 Gallice
636 2651 789 2694 Ditioni
814 2652 993 2707 subjectis
1012 2681 1026 2696 ,
1056 2653 1243 2699 nullum„

269 2709 398 2754 adhue
429 2708 656 2755 Antissitem
687 2709 946 2755 constitutum
973 2705 1048 2755 effe
1063 2737 1079 2762 ,
1107 2714 1131 2757 a
1162 2726 1244 2766 quo

273 2767 484 2825 Neophyti
515 2769 779 2820 sacramento
809 2769 1141 2813 confirmationis
1177 2771 1241 2813 ha.

271 2829 409 2871 Genus
425 2827 602 2882 infigniri
616 2829 850 2883 potuerint3
878 2829 984 2872 unde
998 2826 1084 2871 fere
1099 2842 1240 2872 omnes

271 2888 398 2931 Sacro
415 2885 662 2939 Baptismatis
683 2888 863 2931 Lavacro
890 2887 1099 2932 dumtaxat
1127 2888 1240 2931 ablu·

271 2943 336 2994 ti,
349 2943 510 2998 aliisque
524 2944 662 2988 muniti
680 2947 943 2990 sacramentis
960 2948 1062 2988 viam
1078 2948 1241 2991 univer-

271 3000 320 3046 sae
332 3001 463 3044 carnis
481 3000 634 3057 ingreffi
653 3004 739 3046 sunt
756 3006 824 3059 5&
837 3005 1025 3060 deinceps
1052 3019 1212 3061 quoque
1225 3034 1240 3059 ,

272 3061 341 3103 nist
357 3059 475 3104 aliter
488 3059 687 3114 provisum
708 3060 834 3106 fuerit
846 3090 862 3115 ,
889 3075 1056 3109 caeteros
1071 3064 1240 3108 Christi-

270 3116 408 3163 fideles
426 3117 504 3161 fine
521 3119 644 3162 Sacra
656 3121 973 3168 confirmatione
988 3123 1039 3167 de
1059 3123 1242 3166 humanis

271 3171 360 3221 sore
375 3174 597 3223 excessuros
611 3193 691 3222 non
704 3180 759 3224 est
778 3181 1067 3226 dubitandum:
1096 3196 1240 3238 eapro-

273 3249 365 3292 pter
381 3234 568 3290 supplices
583 3235 740 3293 insuper
754 3252 890 3294 preces
904 3241 1060 3284 addidit
1075 3270 1089 3292 ,
1105 3251 1148 3282 ut
1166 3244 1240 3283 hac

270 3295 312 3339 in
328 3302 442 3350 parte
455 3293 507 3338 de
522 3296 749 3347 Apostolica
764 3298 1014 3354 benignitate
1040 3300 1080 3342 δι
1103 3303 1239 3342 aueto-

270 3354 394 3400 ritate
406 3381 420 3403 ‚
436 3363 480 3396 ut
501 3353 603 3396 infra
618 3384 633 3406 ‚
663 3355 876 3411 providere
890 3357 1151 3412 &indulgere
1174 3358 1238 3401 di-

274 3425 513 3469 gnaremur.
540 3415 623 3456 Nos
650 3414 811 3468 itaque,
837 3414 1014 3469 aquibus
1038 3420 1237 3471 supremo

272 3469 471 3517 Pastorum
492 3471 762 3528 PrincipiJesu
787 3472 952 3515 Christo
972 3474 1240 3529 aeternoJudi-

273 3529 314 3572 ci
328 3529 468 3583 ,ipfius
485 3530 523 3572 in
541 3532 658 3574 terris
678 3532 786 3573 vices
810 3533 1043 3584 gerentibus
1060 3560 1075 3582 ,
1089 3533 1238 3587 gravis-

270 3587 361 3630 lima
376 3587 549 3631 omnium
562 3592 782 3633 animarum
800 3589 866 3631 suo
880 3588 1062 3646 sanguiue
1079 3589 1239 3634 redem-

272 3655 432 3701 ptarum
447 3648 550 3690 ratio
563 3649 771 3691 reddenda
791 3649 843 3692 est
860 3676 874 3697 ,
900 3648 1064 3690 summas
1083 3658 1145 3693 tot
1165 3663 1237 3705 po·

242 3735 245 3738 ⁴
272 3704 457 3759 pulorum
471 3707 664 3760 angustias
681 3737 695 3759 ‚
720 3721 913 3750 aerumnas
925 3735 938 3756 ‚
955 3721 999 3750 ae
1018 3718 1165 3750 tantam
1183 3708 1243 3748 in-

271 3763 510 3804 felicitatem
525 3778 573 3806 ex
589 3767 722 3810 animo
748 3765 1069 3825 commiserantes
1083 3795 1096 3817 ,
1125 3775 1243 3821 atque

1317 312 1477 356 eosdem
1497 312 1788 366 Misfionarios,
1813 323 1878 371 qui
1905 323 2013 367 suam
2035 339 2108 377 pro
2138 332 2292 375 lucran-

1318 372 1380 415 dis
1403 372 1611 415 Fratribus
1638 374 1810 414 animam
1840 388 1994 424 ponunt
2012 409 2025 431 ,
2055 388 2294 438 Apostolicis

1321 431 1506 474 laudibus
1533 432 1864 473 commendantes
1888 459 1902 480 ‚
1943 434 2294 490 supplicationibus

1318 490 1370 532 ab
1398 489 1542 531 eodem
1576 490 1732 531 Carolo
1766 487 1973 531 Francisco
1998 496 2019 535 a
2037 496 2294 555 Rothomago

1317 548 1434 604 super
1452 549 1528 589 hoc
1552 548 1756 589 humiliter
1782 547 1972 601 porrectis
1995 548 2204 604 inclinati,
2235 559 2295 611 ip·

1318 605 1478 665 sumque
1493 606 1694 650 Carolum
1713 606 1964 649 Franciscum
1976 632 1990 655 ‚
2006 620 2162 649 necnon
2181 625 2297 652 caete-

1315 679 1382 709 ros
1415 665 1511 707 inibi
1546 664 1810 710 Miffionarios
1825 666 2059 720 Capucinos
2089 666 2297 720 ampliori·

1315 724 1388 768 bus
1404 725 1627 780 gratiarum
1645 724 1850 768 favoribus
1880 720 2063 780 prosequi
2098 725 2298 779 volentes,

1314 795 1540 840 eorumque
1571 782 1785 838 lingulares
1816 782 2006 838 personas
2032 788 2054 827 a
2084 783 2290 838 quibusvis

1313 843 1744 885 excommunicationis
1758 868 1771 890 ‚
1794 841 2047 898 suspcnfionis
2067 843 2108 884 &
2125 844 2299 886 interdi-

1314 904 1364 944 cti
1381 926 1396 949 ‚
1413 900 1577 958 aliisque
1601 900 1884 944 ecclesiasticis
1905 899 2136 951 sententiis,
2159 901 2300 944 censu-

1315 961 1424 1005 ris&
1445 961 1576 1014 poenis
1593 958 1614 1001 a
1645 960 1759 1014 jure,
1791 960 1852 1002 vel
1886 960 1937 1002 ab
1967 961 2129 1003 homine
2155 963 2298 1017 quavis

1316 1018 1526 1062 occafione
1541 1044 1555 1066 ,
1573 1017 1638 1060 vel
1655 1020 1771 1062 causa
1789 1019 1878 1062 latis
1892 1043 1908 1069 ,
1922 1020 1947 1060 fi
1968 1022 2111 1075 quibus
2128 1034 2297 1076 quomo-

1315 1078 1471 1120 dolibet
1488 1077 1690 1120 innodatae
1703 1078 1873 1120 existunt
1889 1103 1903 1127 ‚
1932 1079 1981 1120 ad
1997 1078 2177 1121 effectum
2196 1092 2294 1133 prae-

1317 1134 1707 1181 sentium'dumtaxat
1721 1138 2045 1190 consequendum
2069 1139 2211 1180 harum
2235 1134 2295 1179 se.

1315 1196 1375 1238 rie
1391 1194 1645 1238 absolventes
1658 1222 1671 1243 ‚
1686 1196 1723 1237 &
1739 1194 1935 1237 absolutas
1961 1193 2046 1237 sore
2063 1195 2291 1248 censentes,

1314 1252 1480 1296 attentis
1508 1251 1717 1305 presertim
1747 1254 1967 1306 praemittis,
1995 1256 2294 1300 auctoritate-a

1316 1309 1561 1367 Apostoliea,
1579 1319 1721 1353 tenore
1738 1310 1984 1364 presentium
2009 1314 2212 1357 modernis
2229 1341 2242 1363 ‚
2255 1314 2295 1354 δι

1316 1383 1391 1425 pro
1406 1379 1587 1421 tempore
1604 1368 1790 1411 Proesectu
1810 1370 1850 1410 δι
1866 1370 2181 1414 vice-Proefeeto
2193 1370 2295 1423 ejus·

1317 1428 1410 1471 dem
1438 1425 1631 1469 Milfionis
1663 1429 1992 1469 Americanarum
2035 1427 2291 1471 Insularutm.

1317 1486 1500 1531 existenti
1519 1514 1535 1538 ‚
1567 1499 1612 1531 ac
1630 1483 1803 1528 prefecti
1821 1487 1859 1526 δι
1879 1482 2177 1529 VicePraefceti
2204 1498 2292 1525 mu·

1316 1546 1479 1588 neribus
1494 1544 1747 1591 durantibus,
1766 1556 1857 1585 cum
1871 1544 1920 1586 ad
1945 1542 2180 1587 visitandam
2214 1545 2291 1585 hu-

1311 1602 1482 1658 jusmodi
1498 1600 1718 1644 Missionem
1735 1602 1981 1654 accesserint,
1997 1612 2040 1646 ut
2060 1606 2295 1647 Sacramen-

1312 1672 1397 1703 tum
1412 1658 1743 1702 Confirmationis
1776 1662 1901 1701 Sacro
1915 1658 2145 1703 Chrismate
2168 1662 2291 1703 etiam

1312 1720 1517 1776 antiquo,
1548 1716 1571 1760 li
1601 1730 1752 1761 novum
1781 1718 1915 1761 haberi
1946 1732 2023 1759 non
2054 1718 2170 1772 poffit
2190 1731 2290 1772 ‚per

1313 1778 1573 1822 catholicum
1603 1775 1832 1819 Antiflitem
1848 1778 2017 1832 gratiam
2045 1779 2085 1819 ἀ
2107 1789 2292 1821 eommu-

1311 1837 1471 1880 nionem
1490 1835 1603 1878 Sedis
1622 1834 1854 1890 Apostolieae
1872 1837 2097 1884 habentem.
2116 1834 2286 1880 benedi·

1309 1897 1404 1949 eto,
1430 1896 1616 1937 omnibus
1644 1924 1660 1944 ,
1691 1894 1726 1933 &t
1755 1892 1910 1949 lingulis
1939 1894 2145 1951 utriusque
2176 1891 2289 1937 sexus

1308 1952 1645 1998 Christifidelibus
1674 1952 1834 1996 illarum
1859 1945 2064 1996 dumtaxa't
2097 1953 2290 1999 Paraecia·

1310 2027 1396 2055 rum
1414 2039 1428 2060 ‚
1451 2025 1533 2065 qua:
1555 2011 1807 2066 reperiuntur
1822 2008 1890 2054 sub
1914 2026 2013 2053 cura
2037 2013 2075 2054 dt
2093 2026 2137 2055 re
2169 2012 2290 2055 imine

1311 2074 1497 2115 Fratrum
1526 2069 1824 2123 Capucinorum
1850 2069 2028 2123 ejusdcm
2062 2070 2121 2112 Mi
2151 2070 2287 2121 ionis,

1306 2130 1417 2185 juxta
1437 2130 1607 2172 Ritualis
1630 2128 1803 2170 Romani
1834 2130 1972 2172 Ritum
1999 2128 2179 2173 libere&
2196 2127 2283 2170 lici·

1306 2188 1349 2231 te
1372 2185 1557 2230 conferre
1577 2188 1612 2227 δι
1635 2186 1911 2230 administrare
1936 2186 2079 2239 pollint
2107 2213 2121 2236 ‚
2154 2188 2195 2229 δι
2219 2199 2291 2227 va-

1307 2246 1415 2289 lcant
1431 2275 1447 2296 ,
1475 2244 1523 2287 ei
1542 2255 1676 2287 tamen
1702 2244 1819 2298 lege,
1843 2244 1892 2287 ad
1913 2245 2055 2299 viginti
2070 2245 2283 2288 dumtaxat

1304 2316 1428 2346 annos
1447 2305 1495 2344 ab
1508 2316 1558 2346 eo
1574 2315 1760 2355 tempore
1773 2332 1789 2352 ,
1818 2316 1869 2347 ex
1881 2317 1964 2358 quo
1986 2301 2195 2358 prasente:
2212 2317 2287 2346 no-

1303 2362 1398 2405 stras
1424 2361 1461 2402 in
1493 2361 1623 2405 forma
1659 2362 1797 2402 Brevis
1837 2361 1990 2404 litteras
2026 2360 2285 2417 acceperint,

1302 2421 1614 2476 computandos,
1632 2420 1842 2463 tribuimus
1855 2421 2156 2475 &impertimur
2171 2432 2188 2474 ᾗ
2213 2431 2285 2469 ut,

1304 2480 1329 2523 fi
1346 2481 1498 2524 interea
1514 2480 1728 2535 temporis,
1745 2492 1886 2535 nempe
1917 2479 2055 2533 viginti
2085 2492 2285 2523 annorum

1303 2539 1514 2594 contingat
1546 2540 1584 2582 in
1615 2537 1748 2581 iisdem
1766 2538 1906 2580 lnsulis
1925 2539 2169 2582 Americanis
2182 2537 2282 2582 Gal—

1302 2597 1386 2640 lica
1404 2597 1556 2639 Ditioni
1573 2594 1749 2650 subjectis
1766 2624 1780 2646 ‚
1809 2598 1873 2638 vel
1892 2595 2184 2642 Refidentiales
2198 2601 2281 2640 An-

1303 2654 1470 2703 tistius,
1490 2654 1555 2695 vel
1573 2654 1827 2705 apostolicos
1843 2654 2028 2698 vicarios
2052 2654 2276 2710 Episcopali

1304 2713 1533 2756 charaelere
1548 2740 1560 2761 ,
1577 2713 1615 2754 δι
1637 2712 1876 2753 auctoritate
1902 2711 2110 2766 insignitos
2135 2718 2184 2755 ab
2210 2725 2280 2756 ea-

1302 2776 1393 2813 dem
1419 2770 1648 2826 Apostolica
1673 2771 1776 2812 Sede
1801 2771 2018 2823 deputari,
2036 2770 2279 2826 impertita,

1302 2827 1524 2883 hujusmodi
1541 2826 1712 2872 facultas
1724 2826 1838 2872 nulla
1853 2827 1895 2869 iit
1916 2858 1928 2880 ‚
1941 2830 1978 2871 δι
1993 2828 2139 2872 nullius
2157 2843 2279 2884 pror·

1301 2887 1362 2932 sus
1378 2888 1533 2929 roboris
1553 2900 1598 2929 ac
1616 2886 1808 2931 momenti
1827 2888 2045 2939 habeatur3
2071 2887 2182 2934 secus
2207 2902 2278 2933 ve-

1302 2947 1348 2988 rb
1366 2958 1452 2989 rata
1465 2974 1477 2996 ,
1491 2960 1536 2988 ac
1557 2943 1670 2989 firma
1687 2945 1936 3001 intelligatur
1951 2975 1964 2995 ,
1980 2960 2069 2988 cum
2088 2947 2148 2991 vel
2169 2946 2278 2988 Refi-

1301 3005 1501 3048 dcniiales
1530 3005 1767 3055 Antinum,
1800 3004 1864 3048 vel
1894 3005 2279 3058 ApostoliciVicarii

1303 3065 1554 3115 charaetere‚
1566 3064 1607 3107 δι
1619 3063 1856 3110 auctoritate
1881 3063 1950 3119 Epi
1957 3062 2103 3117 scopali
2119 3066 2182 3106 insi
2187 3067 2253 3121 gni
2258 3091 2276 3099 -

1302 3123 1332 3166 ti
1351 3122 1538 3178 legitimis
1550 3149 1565 3174 ,
1580 3121 1870 3176 canonicisque
1898 3123 2193 3177 impedimentis
2210 3123 2278 3167 de·

1301 3184 1405 3225 tenti
1420 3180 1556 3226 iisdem
1576 3181 1779 3234 Praefeeto,
1790 3183 1830 3225 δι
1846 3180 2162 3227 Vice-Prafecto
2174 3196 2276 3225 con-

1300 3238 1481 3284 cesserint
1496 3269 1510 3290 ,
1539 3243 1639 3284 utin
1659 3242 1704 3284 iis
1731 3241 1830 3284 locis
1847 3240 2058 3285 dumtaxat
2074 3270 2088 3291 2
2120 3241 2170 3286 ad
2185 3253 2270 3297 quat

1300 3299 1366 3354 ipfi
1386 3300 1592 3344 Antistites
1617 3299 1729 3343 nullo
1744 3302 1859 3356 pac'to
1871 3328 1887 3349 ,
1899 3313 1945 3341 ac
1963 3310 2141 3351 tempore
2155 3312 2271 3342 acce·

1297 3359 1395 3402 dere
1411 3357 1640 3410 voluerint,
1666 3362 1963 3403 Sacramentum
1986 3355 2273 3400 Confirmatio-

1295 3419 1386 3470 nis,
1417 3430 1465 3459 ne
1493 3415 1782 3462 Chrissifideles
1811 3415 1953 3460 eodem
1983 3414 2194 3458 destitutos
2220 3428 2271 3457 ex

1298 3477 1374 3519 hac
1391 3476 1472 3518 vita
1491 3477 1663 3531 migrare
1693 3476 1902 3526 contingat
1918 3500 1932 3522 ‚
1966 3471 2152 3520 conferre
2181 3473 2271 3528 pos-

1299 3534 1396 3576 fint.
1429 3533 1591 3584 Insuper
1613 3533 1792 3577 omnibus
1821 3532 2036 3586 &lingulis
2065 3531 2268 3586 eiusdem..

1297 3591 1490 3636 Miffionis
1503 3591 1749 3637 Miffionariis
1777 3589 2060 3633 Sacerdotibus
2091 3590 2268 3647 Capuei-

1297 3651 1354 3693 nis
1371 3647 1549 3693 eamdem
1564 3648 1796 3691 conferendi
1827 3652 2126 3693 Sacramentum
2155 3653 2268 3692 Con-

1303 3707 1533 3750 firmationis
1574 3709 1738 3753 cuilibet
1773 3705 2034 3751 Christiftdeli
2080 3708 2269 3754 suarum..

1300 3767 1512 3810 dumtaxat
1542 3767 1823 3811 Paraeciarumi
1838 3766 1876 3806 in
1892 3766 2099 3822 periculo,
2115 3768 2179 3811 vel
2210 3780 2271 3818 ar,-

2166 3836 2216 3868 tt-
