2496 4172
1004 132 1433 250 Apostolica
1450 199 1467 217 .
1518 208 1536 213 .,

242 280 419 336 gularem
446 278 744 325 observantiam
770 280 884 337 juxta
897 293 1040 324 corum
1062 279 1221 323 institu-

239 351 326 383 tum
348 342 387 380 in
403 342 513 381 omni
529 352 639 396 parte
653 339 863 384 observare
881 349 1084 395 nequeunt
1096 365 1110 387 ‚
1141 353 1228 381 nec.

241 397 374 440 studiis
406 399 643 443 incumbere
673 398 828 455 poffunt
841 428 855 449 ,
887 412 933 441 ac
950 398 1005 440 ob
1029 396 1222 440 delicien-

241 458 342 499 tiam
372 458 537 508 lanicii,
569 458 695 513 vnlgb
716 457 890 513 lamfi’zio
902 484 918 508 ,
950 456 1190 499 vestimentis
1204 484 1219 508 ‚

243 516 373 572 vulgo
387 516 547 574 vestiar-j
561 544 574 568 ,
603 517 747 574 privati
765 517 817 558 de
831 513 1010 572 presenti
1023 515 1146 556 etiarn
1159 529 1232 558 re·

240 585 402 617 manent
416 601 429 615 .
455 577 564 619 Cum
578 585 712 618 autem
726 600 740 622 a
755 574 851 616 ficut
864 575 1004 618 eadem
1027 573 1226 628 expolitio

241 632 648 689 subjungebat‚di6tus
663 631 840 676 Carolus
858 633 1099 676 Emmanuel
1119 635 1225 684 Rex,

243 692 327 747 quo
343 692 630 735 neceflitatibus
647 691 848 734 Custodia
865 692 1056 748 praedicte
1070 691 1225 734 consul-

242 761 330 793 tum
358 750 406 793 sn
421 778 436 803 ,
466 759 649 801 attento,
662 749 771 805 quod
798 752 1005 794 Provincia
1018 750 1222 793 Mediola-

241 807 372 864 nenlis
398 809 492 851 dieti
505 809 673 851 Ordinis
700 823 749 852 ex
765 810 1051 866 quinquaginta
1063 808 1221 852 duobus

240 866 518 910 Conventibus
532 866 688 910 constat
704 894 718 916 ,
740 882 909 923 quorum
925 870 1063 912 decem
1078 870 1116 910 &
1130 871 1224 911 octo

236 927 279 968 in
307 925 553 970 Civitatibus
568 955 583 978 ,
616 927 756 970 Terris
783 929 823 969 &
850 928 948 972 locis
965 957 980 980 ‚
1011 925 1148 970 Status
1179 928 1220 969 &

239 982 415 1027 Ducatiis
427 984 736 1030 Mediolanenlis
749 1013 763 1036 ,
797 988 954 1030 Ditioni
969 986 1043 1030 suae
1058 996 1214 1042 tempo-

240 1043 315 1086 rali
335 1041 517 1100 subjectis
534 1055 740 1088 remanent
754 1073 769 1097 ‚
798 1045 970 1089 afferens
983 1076 999 1098 ,
1030 1046 1056 1086 fi
1070 1045 1219 1094 ultimi,

240 1103 332 1146 οᾶο
345 1103 386 1143 &
399 1101 538 1146 decem
554 1106 790 1147 Conventus
807 1105 855 1146 ab
867 1104 1032 1161 ipsamet
1048 1106 1218 1147 Provin-

240 1162 302 1203 cia
318 1160 664 1216 disjungerentur,
693 1165 734 1206 &
748 1165 1026 1207 Conventibus
1042 1162 1218 1219 supradi-

240 1222 312 1262 ‹stae
326 1219 530 1277 Custodia
549 1221 788 1272 unirentur,
819 1236 866 1265 ex
884 1222 1021 1278 viginti
1046 1231 1220 1277 quatuor

240 1279 427 1321 omnibus
441 1281 719 1323 Conventibus
736 1279 958 1336 hujusmodi
972 1310 988 1334 ‚
1018 1294 1093 1324 una
1105 1279 1218 1323 ordi-

241 1346 335 1378 nata
362 1337 572 1380 Provincia
597 1340 772 1383 construi
798 1338 922 1395 puiset
939 1368 954 1390 ,
983 1340 1021 1382 in
1046 1352 1120 1392 qua
1138 1340 1220 1380 Re-

243 1394 395 1449 gularis
409 1394 663 1440 observantia
677 1398 999 1441 constabiliretur
1012 1426 1027 1449 ,
1057 1398 1092 1438 &
1113 1396 1219 1440 illius

242 1453 406 1496 Alumni
421 1481 436 1503 ,
470 1453 784 1512 Profefforesque
802 1457 933 1500 studiis
960 1469 1125 1512 operam
1152 1469 1221 1496 na·

243 1524 340 1558 vare
357 1511 570 1564 valerent,
600 1529 648 1558 ac
669 1513 919 1558 diffenliones
942 1516 1223 1558 &animorum

239 1569 459 1613 limnltates
482 1571 523 1612 in
550 1573 753 1628 Capitulis
779 1574 1102 1616 Provincialibus
1141 1582 1218 1626 pro

236 1627 438 1671 electione
476 1629 737 1684 Superiorum
775 1630 996 1682 hujusmodi
1024 1634 1214 1673 Conven-

237 1695 350 1729 tuum
365 1712 379 1736 ‚
409 1699 495 1742 quat
512 1688 755 1745 Religiosam
778 1689 953 1744 quietem
979 1690 1019 1731 &
1041 1687 1218 1744 Regula·

236 1759 322 1787 rem
338 1744 633 1789 observantiam
656 1746 870 1803 aliquando
884 1747 1128 1791 conturbare
1157 1747 1221 1787 so·

236 1802 325 1850 lent
339 1828 358 1853 2
383 1804 436 1847 de
459 1805 596 1848 medio
609 1805 855 1850 auffercntur
867 1835 882 1859 ‚
913 1816 1094 1857 attento,
1109 1803 1220 1861 quod

242 1862 281 1903 in
314 1861 511 1917 praemiffis
537 1862 706 1907 dileEtus
733 1865 855 1907 etiam
881 1863 985 1908 filius
1001 1865 1217 1921 Sigismun-

242 1920 316 1961 dus
344 1921 366 1962 ἑ
390 1922 570 1964 Ferraria
586 1923 766 1966 Minister·
777 1923 988 1966 Generalis
1013 1921 1221 1978 ejusdem,

242 1978 409 2022 Ordinis
422 2005 435 2027 ‚
455 1979 576 2023 -suum
602 1982 781 2035 praestitit
797 1981 1057 2036 consensum3
1091 1982 1221 2025 Nobis

241 2046 455 2093 propterea
468 2039 597 2082 dictus
611 2040 784 2083 Carolus
801 2041 1033 2084 Emmanuel
1050 2043 1139 2084 Rex
1151 2042 1229 2082 hu-

243 2095 395 2139 militer
425 2095 634 2154 supplicari
652 2098 776 2150 fecit,
806 2101 907 2142 utin
926 2099 1122 2156 praemiffis
1147 2112 1226 2154 op-

242 2155 418 2211 portune
435 2156 671 2211 providere,
686 2160 741 2210 ὃς,
756 2169 800 2203 ut
815 2158 931 2207 infra,
946 2158 1159 2216 indulgere
1173 2156 1226 2199 de

242 2214 496 2268 benignitate
539 2216 773 2271 Apostolica
815 2217 1073 2274 dignaremur
1093 2246 1106 2259 .
1138 2220 1224 2260 Nos

241 2271 365 2326 igitur
378 2272 450 2325 piis
466 2272 640 2324 ejusdem
653 2275 797 2317 Caroli
815 2274 1224 2331 EmmanuelisRegis

240 2328 349 2370 votis
377 2329 448 2370 hac
465 2330 503 2371 in
519 2343 564 2371 re
576 2355 591 2376 ‚
621 2333 815 2386 quantum
832 2331 926 2374 cuni
938 2335 1118 2376 Domino
1131 2330 1224 2389 pos-

239 2385 374 2430 sumus
389 2413 402 2437 ,
419 2384 697 2432 favorabiliter
721 2402 900 2433 annuere
919 2392 1102 2434 volentes
1116 2417 1130 2440 ‚
1160 2390 1224 2433 di·

241 2444 478 2501 &orumque
489 2447 670 2489 fratrum
685 2448 896 2504 lingulares
911 2449 1129 2506 personas'a
1142 2451 1226 2507 qui-

242 2502 375 2545 busvis
388 2506 811 2548 excommunicationis
823 2509 903 2548 &c-
933 2508 1135 2551 absolutas
1160 2509 1224 2549 fo-

245 2576 292 2605 re
305 2561 509 2604 censentes
519 2587 535 2610 ‚
566 2561 786 2616 hujusmodi
801 2562 1155 2621 supplicationibus
1166 2568 1226 2610 in·

246 2620 386 2662 clinati
401 2647 412 2667 ,
443 2622 683 2663 Conventus
701 2623 726 2666 a
740 2634 961 2666 memorata
977 2625 1224 2669 Provincia„

245 2676 534 2722 Mediolanensi
556 2679 833 2734 dependentes
848 2707 864 2734 2
890 2683 930 2725 δι
953 2684 1000 2726 ad
1023 2683 1134 2726 illam
1154 2698 1224 2726 an-

245 2750 367 2780 nexos
381 2738 419 2780 in
436 2737 708 2790 Civitatibus,
721 2739 861 2785 Terris
873 2742 912 2784 ἀ
925 2741 1024 2784 locis
1040 2740 1110 2786 sub
1124 2752 1224 2786 tem·

245 2795 373 2853 porali
407 2795 567 2838 ditione
594 2796 769 2851 ejusdem
793 2801 932 2844 Caroli
952 2802 1225 2845 Emmanuelis

246 2854 372 2908 Regis
388 2852 564 2909 subjectis
577 2856 807 2909 existentes,
838 2871 980 2915 nempe
991 2860 1043 2902 de
1053 2861 1225 2904 Aletsan·

245 2912 335 2954 dria
348 2938 367 2963 s
395 2914 535 2954 Arona
549 2940 564 2963 ,
592 2915 807 2958 Canuobio
821 2941 837 2965 ‚
866 2917 1043 2971 Calliae,
1065 2919 1222 2963 Castel-

246 2972 388 3021 laszo,
417 2970 682 3023 Casteinom,
700 2975 987 3019 Domodoffola
1004 3005 1017 3028 ‚
1048 2981 1227 3022 Novata,

246 3028 458 3086 Oleggio,
483 3031 584 3072 Orta
595 3055 610 3080 2
628 3030 838 3082 vatiaum,
853 3033 1115 3091 Romagnano
1126 3065 1142 3089 ‚
1156 3039 1225 3080 Se·

249 3088 407 3131 ravalle
425 3114 439 3136 ,
458 3090 635 3132 Tortnna
649 3115 663 3139 ,
696 3093 902 3142 Valeria,
920 3096 1044 3137 Varzi
1058 3123 1072 3147 ,
1103 3095 1228 3152 Vige-

248 3159 371 3198 vano,
383 3148 422 3189 &
437 3147 627 3202 Voghera
641 3148 855 3205 respective
868 3156 1157 3210 nuncupatos,a
1169 3155 1227 3197 di.

248 3207 311 3248 &a
330 3206 538 3248 Provincia
551 3205 852 3258 Mediolanensi,
862 3212 1101 3257 aufiloritate
1114 3215 1150 3256 A
1156 3228 1227 3269 po·

250 3264 391 3307 flolica
419 3263 639 3319 separamus
663 3266 704 3308 δι
725 3267 1054 3314 dismembramus
1070 3301 1085 3324 ,
1113 3274 1228 3314 Con-

250 3320 470 3379 ventusque
496 3324 732 3378 praedictos,
763 3327 984 3370 abeadem
1010 3331 1226 3373 Provincia

247 3381 302 3425 fic
313 3379 511 3437 separatos
527 3383 563 3423 &
579 3380 884 3427 dismembratos
895 3413 913 3439 ,
941 3388 1021 3432 una
1033 3402 1127 3432 cum
1140 3390 1227 3431 aliis

247 3441 532 3484 Conventibus
562 3439 793 3499 supradietae
821 3443 1022 3488 Custodia
1051 3448 1224 3490 Montis-

251 3497 418 3546 ferrati,
448 3512 593 3555 nempe
612 3499 655 3542 di
671 3500 813 3545 Calale
826 3531 840 3553 ‚
872 3503 1002 3558 Aqui,
1034 3503 1228 3548 Morical-

240 3568 328 3600 'vos
359 3557 514 3607 Nina,
529 3563 606 3603 San
620 3559 859 3610 salvatore,
888 3563 929 3603 δι
945 3562 1097 3606 Fubine
1110 3577 1228 3607 unam

248 3613 505 3660 Provinciam
519 3617 731 3674 S-Josepbi
749 3619 768 3661 a
790 3618 966 3663 Leoniffa
994 3634 1231 3676 nuncupan-

245 3671 338 3715 dam
351 3700 365 3723 ‚
395 3685 478 3728 quae
493 3674 514 3716 ὲ
529 3678 697 3731 proprio
711 3678 896 3721 Ministro
910 3679 1152 3722 Provinciali
1175 3694 1223 3722 ae

246 3728 537 3837 Definiss’ribi?
549 3759 565 3781 ,
578 3736 807 3793 caterisque
817 3738 1096 3795 Superioribus
1110 3765 1124 3788 ,
1136 3737 1224 3796 jux-

405 3803 477 3834 orn.
517 3796 575 3836 11.

2028 181 2201 263 393.

1283 291 1322 323 ta
1346 280 1521 336 ejusdem
1546 280 1708 324 Ordinis
1732 283 1901 334 statuta,
1932 291 2151 344 eligendis,
2185 296 2257 336 no.-⁴

1280 340 1505 389 minandis,
1537 341 1576 382 &
1600 341 1867 395 deputandis,
1908 346 2146 399 inposterum
2173 353 2256 403 regi

1281 399 1321 439 δι
1336 400 1552 454 gubernari
1568 399 1744 448 debeat,
1757 401 1863 443 dicta
1878 405 2126 453 auctoritate,
2141 417 2262 447 teno-

1279 470 1323 498 re
1339 457 1590 512 praesentium
1605 459 1800 514 perpetuo
1814 458 2004 512 erigimus
2018 489 2033 508 ,
2057 463 2261 506 constitui·-

1286 529 1372 558 mus
1385 519 1425 559 δε
1437 519 1673 572 deputamus
1688 530 1704 570 3
1735 518 1944 560 Fratribus
1960 518 2057 559 vero
2070 521 2261 561 Conven-

1283 584 1395 617 tuum
1411 591 1484 632 per
1499 581 1588 619 Nos
1603 605 1617 628 ,
1641 576 1737 620 licut
1752 576 2010 632 praemittitnr
2023 602 2038 626 ,
2057 575 2108 616 ab
2119 578 2262 617 eadem

1286 635 1498 677 Provincia
1524 636 1811 679 Mediolanensi
1838 632 2219 678 dismembratorum
2245 661 2266 682 s

1282 694 1350 749 qui
1368 706 1511 736 votum
1527 693 1605 736 five
1622 693 1846 751 suffragium
1873 695 1911 736 in
1926 693 2150 748 supradicta
2167 695 2262 741 Pro-

1283 753 1413 795 vincia
1429 753 1624 797 habebant
1650 755 1689 796 δι
1711 754 1924 803 ferebant,
1955 751 2200 807 inposterum
2217 750 2267 791 iis

1281 811 1407 853 modo
1423 814 1462 855 δι
1474 810 1604 854 forma
1618 841 1632 864 ,
1663 816 1805 870 quibus
1822 812 1896 854 illo
1919 812 1957 853 in
1974 811 2076 853 dicta
2093 809 2265 852 Provin-

1279 870 1342 913 cia
1356 870 1441 923 uti,
1473 869 1551 914 frui
1575 872 1802 926 &gaudere
1826 880 2043 926 poterant,
2075 869 2157 924 pari
2174 881 2265 909 mo-

1278 930 1334 972 do
1360 930 1401 971 in
1420 944 1524 972 nova
1542 931 1753 974 Provincia
1768 929 1985 984 hujusmodi
2002 928 2058 971 uti
2072 956 2086 979 ,
2117 926 2194 969 frui
2218 926 2260 967 &-

1279 989 1454 1046 gaudere
1472 989 1629 1032 valeant
1642 1018 1657 1041 ,
1688 989 1927 1032 auctoritate
1951 989 1988 1030 &
2006 998 2148 1029 tenore
2164 998 2264 1040 ρη-

1278 1047 1423 1096 dietis,
1454 1047 1895 1092 itidemconcedimus.
1928 1044 2264 1101 Insuperiplino-

1282 1120 1341 1149 νει
1357 1107 1576 1149 Provincia
1592 1106 1640 1149 fic
1658 1122 1731 1163 per
1747 1111 1834 1151 Nos
1847 1108 2008 1156 ereffitae,
2022 1106 2060 1146 &
2075 1118 2147 1159 per
2167 1116 2262 1158 prae-

1279 1163 1408 1206 sentes
1437 1165 1659 1208 constitutae
1678 1191 1693 1214 ‚
1738 1164 1920 1221 illiusque
1943 1162 2260 1212 Conventibus,

1280 1223 1504 1273 Domibus,
1536 1222 1719 1265 Ecclcfiis
1733 1252 1747 1276 ,
1761 1238 1804 1266 ac
1826 1223 2011 1267 Ministro
2026 1220 2263 1265 Provincia·-

1280 1281 1308 1323 li
1325 1305 1340 1326 2
1372 1278 1694 1331 Definitoribus‚
1723 1283 1954 1336 caterisque
1977 1280 2262 1335 Superioribus

1282 1351 1357 1395 pro
1384 1350 1566 1395 tempore
1593 1339 1849 1383 existentibus
1862 1366 1876 1388 ,
1907 1352 1954 1380 ac
1985 1338 2190 1380 Fratribus
2220 1338 2264 1378 δι

1282 1395 1467 1441 Personis
1479 1399 1726 1455 quibuslibet
1739 1427 1754 1449 ‚
1782 1411 1828 1440 ut
1843 1395 2028 1438 omnibus
2048 1396 2088 1435 &
2101 1391 2263 1447 lingulis

1280 1456 1503 1512 privilegiis
1515 1483 1530 1505 a
1546 1458 1687 1512 gratiis
1700 1485 1716 1507 ,
1730 1453 2049 1508 exemptionibus
2063 1480 2078 1503 ‚
2091 1451 2267 1494 liberta-

1283 1516 1386 1558 tibus
1402 1515 1716 1557 immunitatibus
1733 1540 1747 1563 ‚
1770 1512 2042 1567 prerogativis
2056 1539 2072 1562 ,
2084 1509 2264 1565 praeemi-

1274 1574 1421 1617 nentiis
1434 1600 1449 1621 ,
1470 1569 1732 1624 indulgentiis
1747 1570 1964 1613 &indultis
1977 1596 1992 1618 ‚
2017 1570 2160 1624 quibus
2176 1567 2263 1610 alin

1278 1631 1375 1675 dieti
1404 1629 1567 1672 Ordinis
1596 1630 1845 1680 Provincioe,
1873 1632 2144 1677 Conventus,
2175 1628 2267 1667 Do-

1279 1703 1366 1733 mus
1380 1717 1395 1740 ,
1413 1687 1595 1732 Eccleliae
1610 1714 1623 1736 ,
1636 1688 1898 1742 Superiores,
1910 1688 1950 1728 δι
1966 1688 2122 1728 Fratres
2132 1710 2143 1730 ‚
2156 1684 2265 1725 aliat-

1279 1763 1359 1805 que
1374 1747 1547 1804 personae
1561 1774 1574 1798 ,
1587 1757 1669 1789 tam
1682 1746 1736 1789 de
1748 1745 1832 1799 jure
1847 1774 1861 1798 ‚
1875 1744 1943 1788 usu
1958 1774 1972 1795 ,
1992 1745 2032 1786 δι
2044 1736 2264 1786 consuetu-

1282 1808 1375 1850 dine
1401 1832 1416 1856 ,
1452 1805 1567 1861 quam
1593 1807 1690 1848 alia's
1718 1803 2026 1861 quomodolibet
2052 1812 2222 1846 utuntur
2245 1826 2264 1852 ‚

1283 1865 1474 1910 fruuntur
1486 1865 1523 1906 &
1538 1864 1715 1920 gaudent
1729 1892 1743 1914 ,
1767 1876 1814 1904 ae
1830 1863 1890 1906 nti
1905 1891 1919 1913 ‚
1941 1862 2019 1905 frui
2034 1889 2050 1914 ,
2062 1863 2100 1905 δι
2115 1859 2266 1916 gaude-

1282 1941 1328 1969 re
1345 1921 1550 1979 possunt&
1566 1932 1760 1977 poterunt
1775 1922 1815 1963 in
1829 1920 2007 1964 futurum
2023 1947 2038 1972 ,
2069 1921 2200 1963 valeat
2215 1918 2264 1959 fi-

1285 1985 1434 2028 militer
1448 2009 1463 2031 ‚
1493 1984 1531 2024 8t
1548 1980 1693 2038 absque
1721 1981 1805 2024 ulla
1821 1978 1978 2036 prorsus
2009 1977 2268 2026 differentia

1285 2043 1524 2088 austeritate
1559 2042 1599 2083 δι
1624 2050 1766 2084 tenore
1790 2038 1984 2095 pradifitis
2008 2068 2026 2090 ,
2070 2034 2266 2094 perpetui>

1283 2102 1406 2146 etiam
1434 2099 1696 2143 concedimus
1723 2099 1764 2140 δε
1790 2097 2044 2153 indulgemus
2068 2125 2081 2137 .
2116 2098 2268 2138 Decer-

1282 2170 1419 2204 nentes
1432 2157 1588 2201 easdem
1604 2155 1817 2213 prasentes
1834 2157 1992 2198 litteras
2007 2157 2086 2198 &c-
2116 2154 2267 2207 sicque

1283 2221 1325 2263 in
1350 2215 1548 2273 pramiffis
1575 2230 1645 2272 per
1664 2214 1920 2272 quoscunque
1932 2213 2093 2269 judices
2108 2213 2187 2254 διε.
2218 2223 2266 2252 ae

1285 2279 1443 2321 irritum
1474 2276 1515 2318 δι
1540 2276 1658 2317 inane
1683 2276 1759 2316 διε.
1799 2273 2019 2326 contigerit
2046 2270 2235 2314 attentari
2253 2294 2270 2310 .

1286 2342 1379 2381 Non
1392 2333 1664 2385 obstantibus,
1694 2341 1887 2389 quatenus
1899 2345 2001 2387 opus
2027 2333 2101 2384 fit,
2122 2325 2267 2373 Nostri

1284 2398 1324 2440 δι
1351 2392 1614 2436 Cancellariae
1643 2391 1882 2447 Apostolicae
1912 2389 2052 2447 reguli
2070 2419 2084 2442 ‚
2111 2387 2267 2440 dejure

1284 2450 1445 2513 quaefito
1470 2466 1551 2495 non
1569 2450 1756 2494 tollendo
1770 2479 1784 2502 ‚
1814 2447 1980 2505 aliisque
2000 2447 2269 2512 Conllitutiof

1285 2513 1395 2557 nibus
1410 2513 1451 2553 δι
1465 2510 1788 2555 ordinationibus
1803 2508 2048 2563 apostolicis
2063 2533 2078 2556 ‚
2107 2520 2153 2549 ac
2170 2506 2268 2548 dicit

1283 2570 1449 2615 Ordinis
1474 2596 1489 2620 ,
1532 2569 1573 2611 δι
1603 2567 1713 2610 illius
1740 2566 1987 2622 primodioae
2014 2565 2265 2615 Provinciae,

1283 2631 1400 2674 etiam
1418 2627 1644 2684 juramento
1654 2651 1669 2674 ‚
1684 2624 1991 2668 confirmatione
2005 2621 2239 2679 Apostolica
2251 2647 2267 2670 ‚

1286 2691 1349 2731 vel
1366 2689 1505 2743 quavis
1522 2684 1712 2727 firmitate
1737 2683 1814 2726 alia
1831 2683 2031 2726 roboratis
2045 2681 2200 2724 statutis
2227 2680 2268 2723 δι

1286 2744 1637 2791 consuetudinibus
1657 2756 1674 2796 3
1715 2742 1937 2798 privilegiis
1978 2754 2140 2798 quoque
2185 2740 2266 2782 διε.

1283 2804 1531 2849 confirmatis
1562 2805 1602 2845 &
1633 2801 1830 2844 innovatis
1851 2813 1865 2844 ε
1895 2800 2040 2856 quibus
2073 2805 2112 2841 δι
2141 2796 2269 2854 fingu-

1285 2866 1334 2908 lis
1350 2867 1430 2907 διε.
1463 2864 1536 2904 hac
1555 2862 1644 2904 vice
1671 2860 1867 2904 duntaxat
1886 2858 2115 2914 specialiter
2141 2859 2268 2899 &ex-

1283 2923 1414 2982 presse
1458 2921 1701 2978 derogamus
1725 2947 1741 2973 ,
1770 2917 2002 2973 caeterisque
2047 2915 2267 2960 contrariis

1284 2979 1591 3040 quibuscunque
1607 3008 1619 3020 .

1400 3033 1566 3082 ‘Datum'
1584 3040 1725 3081 Roma
1749 3035 1853 3092 apud
1881 3037 2063 3081 sanciam
2093 3033 2265 3078 Mariam

1288 3099 1490 3156 Maiorem
1505 3099 1574 3141 sub
1587 3096 1754 3140 Annulo
1769 3093 1982 3139 Piscatoris
1995 3093 2061 3135 die
2079 3108 2101 3136 x
2111 3107 2122 3135 ι
2132 3107 2169 3134 x.
2183 3094 2268 3134 De-

1284 3158 1460 3204 cembris
1491 3170 1658 3200 mucci.-
1684 3152 1946 3199 Pontificatiis
1976 3151 2112 3196 Nostri
2141 3152 2265 3192 Anno

1288 3218 1516 3265 Undecimo
1528 3243 1541 3257 .

1289 3351 1298 3367 ι
1345 3335 1519 3391 Exempl.
1548 3333 1592 3375 in
1607 3330 1832 3386 Areb.gen.'
1848 3329 1945 3372 Ord.
1960 3330 2076 3372 Arm·
2092 3323 2265 3376 Protin-3

1400 3396 1467 3438 cia
1481 3391 1680 3450 S-Josephi
1693 3394 1717 3435 a
1731 3386 1909 3434 Leoniffa
1923 3416 1937 3430 .
2220 3421 2225 3425 .

1643 3796 1718 3841 Dd
1733 3798 1760 3842 d
2107 3799 2207 3851 sup
