2496 4172
1042 117 1488 234 Apoffolica
1524 185 1542 207 .

288 264 485 314 Gratum
498 266 704 316 animum
722 269 838 336 Regi
856 266 988 317 Laffae
1020 263 1080 332 ob
1097 262 1260 314 benefi-

354 337 424 384 cia
453 334 750 386 Missionariis
769 338 1047 403 Capucinis,
1081 354 1133 384 ac
1160 337 1277 385 aliis

353 405 524 457 Christi
561 405 768 457 fidelibus
806 408 972 455 collata
1022 404 1209 455 testatur
1242 440 1259 463 ,

353 473 522 545 hosque
553 476 601 530 ἃ
625 479 728 529 illos
747 478 902 546 Regiae
935 478 1090 528 tutelae
1120 477 1259 530 devo-

354 562 431 597 vet
449 583 462 598 .

405 674 552 733 illustri
562 703 576 727 ,
589 687 634 718 ac
651 671 897 734 Potenttffmo
908 677 1007 733 Regi
1022 673 1145 732 Leffl.

371 795 762 844 CLEMENS
812 794 1018 844 PAPA
1069 796 1177 847 XI.

357 909 524 971 musti-is
538 937 553 959 ,
582 923 627 952 ac
647 909 894 970 Potenttfflme
911 911 1169 970 Rexfilumn
1179 938 1195 964 ,

498 968 552 1021 ό·
563 969 692 1012 lumen
711 973 862 1028 Divinf
876 974 1022 1028 Gratis
1038 1000 1051 1013 .

280 1090 330 1199 Ι
354 1091 462 1133 Nter
485 1087 662 1144 egregias
675 1113 688 1137 ,
722 1101 946 1147 magnoque
978 1090 1166 1145 Principe
1196 1089 1260 1131 di-

368 1160 464 1204 gnas
477 1146 596 1189 dotes
611 1175 625 1198 ‚
656 1147 797 1202 quibus
820 1147 1110 1192 Celfitudinem
1129 1151 1261 1192 ‘ruam

280 1206 505 1263 insignitam
530 1203 606 1248 effe
622 1204 725 1248 fama
740 1207 919 1264 vulgavit
933 1236 949 1258 ,
980 1210 1261 1263 precipuum-o

279 1264 351 1308 fibi
367 1264 570 1307 vindicare
587 1264 723 1309 locum
739 1266 994 1311 clementiam
1008 1293 1023 1316 ,
1047 1265 1121 1320 qua
1135 1266 1259 1309 Chri·

280 1323 410 1366 stianae
423 1321 515 1366 fidei
529 1322 709 1368 cultores
743 1325 780 1367 in
797 1323 1027 1382 amplissima
1047 1334 1118 1368 tua
1131 1323 1255 1366 ditio·

279 1395 333 1426 ne
349 1381 505 1437 respicis
518 1410 533 1431 ,
547 1396 595 1425 ex
615 1383 774 1428 Dilecto
793 1385 908 1436 Filio,
923 1382 1126 1439 Religioso
1139 1383 1260 1435 Viro,

279 1440 498 1483 Dominico
513 1441 687 1490 Fanenfi,
700 1443 865 1487 Ordinis
876 1444 1078 1487 Minorum
1090 1448 1133 1486 S.
1142 1444 1260 1485 Pran-

278 1498 374 1542 cisei
391 1499 691 1554 Capucinorum
715 1513 1034 1556 nuncupatorum
1063 1495 1259 1545 Profelio-

278 1571 341 1610 re,
357 1559 395 1600 in
410 1556 488 1600 istis
502 1559 682 1614 partibus
697 1561 919 1615 Apostolici
933 1559 1161 1604 Miilionarii
1176 1573 1261 1603 mu·-

275 1630 375 1660 nere
391 1615 460 1660 diu
472 1616 682 1672 perfuncto
693 1646 709 1673 ,
741 1634 787 1661 ac
804 1619 928 1664 isthuc
944 1619 1178 1674 propediem
1195 1632 1260 1660 re-

274 1675 438 1725 ditm-o,
469 1689 548 1716 non
565 1676 643 1718 (ine
657 1676 805 1733 ingenti
822 1678 968 1721 laetitiae
980 1675 1090 1720 sensu
1106 1691 1260 1731 cogno·

277 1736 429 1779 vimus.
461 1734 570 1790 Qia
595 1736 692 1775 vero
723 1736 772 1776 ad
793 1740 877 1776 Nos
904 1737 944 1775 in
972 1736 1107 1787 primis
1134 1735 1262 1789 perti·

280 1803 379 1838 nent
404 1789 623 1840 beneficia,
653 1792 800 1849 quibus
816 1792 1036 1836 Celfitudo
1051 1794 1140 1835 Tua
1169 1792 1259 1835 istos

279 1848 584 1903 christifideles,
599 1864 644 1892 ac
660 1849 874 1905 presertim
887 1851 1148 1905 Apostolicos
1165 1849 1261 1894 Mis-

281 1909 472 1954 fionarios
496 1909 605 1964 regia
638 1908 756 1962 plane
781 1910 1033 1964 benignitate
1058 1908 1264 1966 prosequi·

281 1978 378 2019 tur,
408 1967 718 2022 praetermittere
742 1967 859 2011 nullo
884 1968 1008 2011 modo
1035 1967 1235 2011 voluimus
1250 1996 1263 2017 ,

283 2026 380 2084 quin
400 2027 467 2067 has
485 2025 531 2068 ad
552 2026 610 2083 ‘lje
623 2025 806 2068 daremus
822 2026 978 2069 litteras
992 2055 1009 2077 ,
1038 2040 1089 2070 ex
1118 2027 1261 2082 quibus

282 2097 370 2129 tum
386 2093 543 2142 gratum
559 2112 574 2135 ‚
604 2098 858 2142 pronumque
887 2086 1062 2126 animum
1088 2099 1183 2140 erga
1202 2087 1259 2129 Te

284 2144 491 2196 nostrum,
522 2152 608 2185 tum
637 2143 758 2186 etiam
786 2143 1047 2198 propensum,
1078 2141 1188 2199 quod
1212 2157 1262 2185 eo

283 2203 447 2247 nomine
481 2203 656 2258 gerimus
682 2229 696 2252 ‚
739 2201 978 2244 defiderium
1007 2198 1259 2255 gratificandi

283 2261 379 2305 Tibi
394 2260 628 2302 luculenter
642 2258 892 2315 intelligeres
907 2287 918 2302 .
952 2259 1032 2303 Etfi
1049 2266 1185 2301 autem
1200 2258 1262 2302 Ιτ-

279 2320 387 2361 tiora
401 2317 440 2359 in
453 2317 541 2359 dies
555 2317 607 2358 de
621 2316 806 2372 singulari
824 2328 890 2360 tua
918 2319 956 2359 in
969 2316 1129 2360 eosdem
1149 2319 1177 2358 Α
1187 2331 1258 2372 po·

277 2376 442 2421 floiicos
467 2374 733 2418 Miffionarios
759 2376 1039 2420 benevolentia
1066 2376 1180 2419 nobis
1201 2376 1260 2418 al·

284 2437 410 2481 latum
422 2433 475 2477 iri
488 2434 714 2477 constanter
727 2432 928 2490 speremus
940 2461 954 2482 ,
968 2448 1038 2478 eos
1053 2435 1259 2478 nibilomi-

281 2508 357 2540 nus
374 2493 592 2551 prevalido
608 2492 866 2536 Celfitudinis
883 2495 979 2538 Tuae
996 2495 1229 2538 Patrocinio
1243 2523 1258 2546 ,

280 2569 328 2598 ae
344 2551 502 2597 Tutela
527 2550 720 2607 majorem
752 2554 792 2594 in
809 2554 972 2595 modum
998 2553 1258 2597 commenda-

286 2626 376 2655 mus
391 2640 404 2662 ,
435 2624 515 2653 non
532 2608 706 2653 omiffuri
736 2612 890 2654 interea
908 2613 1061 2665 Regem
1077 2610 1230 2667 Regum
1245 2639 1261 2664 ‚

283 2685 329 2714 ac
362 2668 579 2713 Dominum
597 2668 897 2713 Dominantium
923 2669 1070 2719 enixe,
1100 2683 1146 2712 ac
1175 2669 1258 2712 assi·

282 2728 364 2774 due
382 2741 546 2783 rogare,
580 2738 623 2770 ut
639 2725 859 2779 secundos,
891 2725 1109 2785 faunosque
1126 2742 1258 2771 rerum

283 2786 473 2832 succeffus
490 2782 757 2831 indesinenter
773 2787 863 2829 Tibi
878 2787 1080 2836 tribuere,
1096 2788 1137 2829 &
1149 2788 1260 2844 quod

286 2856 407 2898 caput
435 2845 519 2896 est,
550 2845 769 2901 perfec’tum
788 2844 969 2890 veritatis
997 2844 1068 2888 suae
1092 2846 1260 2891 lumen...

288 2904 494 2948 ostendere
509 2917 589 2946 non
603 2903 844 2960 dedignetur
855 2933 868 2946 .

405 2962 554 3004 Datum
569 2964 702 3004 Romae
713 2964 788 3007 διο.
820 2963 886 3008 die
898 2965 1264 3020 viden-uncum.

288 3019 550 3068 pontificatus
569 3021 704 3066 Nostri
716 3023 839 3068 Anno
853 3027 1020 3086 Quarto
1040 3027 1235 3070 Decimo.

349 3142 494 3196 Aueog.
527 3139 571 3181 in
587 3141 728 3184 secret.
745 3143 859 3187 Brev-
887 3142 937 3188 ad
953 3142 1162 3202 Principes
1185 3158 1264 3204 reg.

405 3197 526 3256 meust
542 3197 593 3258 bf
602 3199 698 3245 anni
704 3202 834 3258 pud.

1321 265 1610 314 Charitatem
1631 266 1838 333 Episcopi
1855 177 2193 343 Meliapurenis
2210 288 2292 333 cit.

1387 353 1439 385 ca
1470 333 1786 384 Missionarios
1804 340 1989 392 Thibeti
2016 353 2150 397 Sacra
2171 358 2294 399 Con-

1385 405 1598 474 gregatio
1630 404 1685 453 de
1703 408 1996 474 propaganda
2029 415 2116 465 fide
2155 420 2298 466 laudi-

1392 476 1475 526 bus
1494 471 1623 525 effert
1639 509 1655 531 ,
1691 475 1739 526 ἃ
1758 479 2062 541 patrocinium
2091 489 2211 533 illius
2233 503 2300 534 er-

1388 561 1448 617 ga
1464 561 1540 594 eos
1555 546 1811 596 continuari
1827 551 2122 600 commendat
2139 585 2152 599 .

1322 674 1518 720 Illustri&
1533 651 1960 726 Reverendiffimo,1iti
1978 676 2302 727 Fratri‚Domino

1553 733 1756 790 Episcopo
1774 732 2058 791 Meliapurcnfi
2072 765 2084 776 .

1440 850 1609 910 Illustrr‘s
1627 853 1674 901 θ’
1692 849 2003 917 Reverendrsp'me
2023 857 2186 896 Domine

1682 921 1744 955 nte
1772 914 1919 957 Frater
1933 943 1945 956 .

1434 1033 1472 1074 X
1489 1031 1635 1074 litteris
1653 1028 1941 1084 Amplitudinis
1954 1032 2073 1080 Tuae,
2087 1029 2220 1076 multo
2237 1044 2307 1074 ve·

1451 1091 1496 1131 ro
1511 1090 1649 1134 melius
1665 1103 1711 1132 ac
1728 1088 1971 1137 luculentius
1987 1104 2037 1132 ex
2054 1092 2097 1133 Ρ.
2121 1091 2308 1132 Domini-

1322 1162 1375 1190 co
1405 1150 1575 1196 ὶΕειηο,
1599 1148 1763 1190 Ordinis
1791 1151 2093 1204 Capucinorum
2109 1177 2125 1200 ,
2155 1154 2310 1191 sacra„

1319 1206 1818 1261 Congregatiointellexit
1834 1235 1849 1257 ,
1879 1209 1998 1263 quam
2030 1207 2204 1263 benigne
2221 1220 2309 1249 am-

1319 1264 1394 1320 plit
1409 1293 1420 1304 .
1447 1266 1535 1307 “rua
1555 1262 1776 1317 Religiosos
1794 1262 1973 1317 ejusdem
1989 1267 2162 1310 Institun
2183 1266 2308 1307 Viros

1318 1335 1368 1365 ex
1386 1322 1565 1366 Miffione
1583 1322 1745 1363 Thibeti
1763 1321 2000 1366 recedentes
2017 1350 2031 1371 ‚
2061 1324 2202 1378 inopes
2215 1350 2230 1372 ‚
2262 1337 2308 1364 ac

1318 1384 1428 1423 omni
1445 1384 1544 1438 pene
1562 1379 1734 1423 humana
1760 1394 1838 1436 ope
1853 1379 2066 1424 destitutos
2090 1382 2306 1435 complexa

1320 1439 1470 1490 riserit,
1500 1442 1672 1496 &quam
1690 1438 1814 1482 multa
1843 1440 1963 1482 ineos
1978 1438 2172 1482 beneficia
2205 1452 2306 1481 con-

1321 1500 1461 1542 tulerit
1477 1510 1491 1554 5
1522 1498 1799 1557 Qamobrem
1831 1498 2134 1541 Eminentiffimi
2165 1498 2310 1540 Patres

1319 1560 1525 1613 egregiam
1542 1563 1727 1613 pietatem
1748 1567 1856 1599 tuam
1876 1559 2059 1599 maximis
2073 1554 2310 1610 meritisque

1321 1617 1508 1659 laudibus
1525 1614 1727 1670 prosecuti
1753 1615 1944 1669 plurimas
1960 1617 2052 1659 Tibi
2077 1628 2127 1655 eo
2145 1616 2310 1657 nomine

1319 1678 1416 1716 meis
1433 1672 1538 1718 hisce
1551 1674 1701 1717 litteris
1716 1674 1863 1728 gratias
1877 1684 2019 1728 agunt,
2037 1675 2167 1728 parati
2184 1674 2310 1716 ctiam

1320 1733 1518 1787 ejusmodi
1545 1730 1734 1777 beneficia
1762 1732 1957 1787 peculiari
1988 1732 2307 1783 benevolentia,

1324 1792 1456 1836 studio
1471 1817 1485 1840 ‚
1501 1804 1547 1834 ac
1566 1789 1708 1835 officiis
1723 1805 1797 1847 pro
1810 1792 2117 1848 opportunitate
2128 1819 2140 1842 ‚
2157 1804 2309 1832 rerum-

1322 1866 1400 1907 que
1423 1861 1582 1893 tuarum
1597 1849 1797 1904 exigentia
1821 1851 2045 1904 rependere
2065 1879 2077 1891 .
2112 1853 2311 1893 praterea

1323 1910 1447 1953 iidem
1479 1906 1780 1952 Eminentiffimi
1797 1909 1937 1950 Patres
1967 1911 2075 1963 pium
2090 1909 2201 1964 aeque
2217 1938 2231 1960 ,
2266 1920 2308 1950 ac

1326 1963 1500 2024 prude'ns
1527 1965 1733 2010 consilium
1749 1976 1863 2008 tuum
1889 1967 1942 2009 de
1957 1979 2004 2008 ea
2025 1966 2204 2010 Miffione
2219 1979 2311 2022 pro-

1321 2025 1523 2070 movenda
1538 2052 1549 2074 ,
1560 2026 1611 2068 de
1623 2025 1842 2067 Sacrorum
1856 2026 2148 2080 Operariorum
2167 2037 2310 2070 nume·-

1322 2100 1367 2128 ro
1385 2083 1718 2139 multiplicando,
1748 2082 1996 2142 subsidioque
2014 2082 2173 2141 lingulis
2199 2083 2310 2126 annis

1320 2142 1504 2198 augendo
1518 2142 1685 2184 unanimi
1704 2151 1801 2182 voto
1815 2142 2054 2197 probarunt,
2066 2153 2188 2200 atque
2201 2142 2307 2184 adeo

1321 2214 1448 2244 novos
1475 2200 1515 2242 in
1541 2213 1587 2241 ea
1606 2201 1743 2254 Regna
1758 2198 1979 2254 Religiosos
2004 2203 2082 2244 uni
2111 2214 2206 2242 cum
2235 2213 2306 2241 eo-

1319 2258 1413 2302 dem
1445 2261 1486 2301 P.
1505 2257 1720 2300 Dominico
1735 2259 1901 2301 mittunt
1914 2284 1928 2305 ,
1959 2258 2027 2314 qui
2057 2257 2308 2302 duodecim..

1323 2315 1659 2362 Miffionariorum
1686 2329 1898 2359 numerum
1926 2316 2190 2372 compleant,
2221 2315 2305 2358 affi-

1319 2386 1444 2434 gnato
1471 2390 1547 2431 pro
1576 2376 1796 2419 eorundem
1827 2374 2109 2419 sustentatione
2139 2375 2311 2419 subsidio

1318 2449 1452 2480 annuo
1464 2435 1668 2478 scutorum
1684 2435 1797 2477 mille
1810 2466 1821 2475 .
1838 2434 2049 2490 Reliquum
2065 2434 2136 2487 est,
2149 2446 2191 2477 ut
2211 2439 2309 2478 Am-

1316 2494 1390 2554 plit
1405 2523 1415 2534 .
1439 2497 1528 2538 Tua
1542 2494 1718 2538 eundem
1738 2495 2049 2538 P.Dominicum
2067 2495 2108 2536 in
2125 2495 2211 2536 istas
2228 2505 2308 2535 tam

1317 2566 1500 2599 remotas
1523 2566 1611 2595 otas
1627 2553 1815 2598 reducem
1834 2582 1848 2605 ,
1879 2555 1920 2597 δι
1938 2551 2114 2597 Praefecii
2143 2565 2308 2596 munere

1316 2613 1550 2657 decoratum
1567 2639 1581 2661 ‚
1613 2612 1696 2664 pari
1725 2625 1772 2653 ac
1800 2621 1919 2654 antea
1937 2612 2191 2666 benignitate
2213 2624 2307 2651 eum

1319 2671 1447 2715 Sociis
1463 2668 1633 2724 excipias
1644 2695 1658 2717 ,
1673 2668 1808 2710 valido
1824 2670 2057 2713 Patrocinio
2071 2678 2142 2711 tuo
2156 2699 2170 2720 ,
2200 2668 2308 2713 dire-

1320 2730 1481 2779 ctione,
1510 2741 1555 2769 ac
1586 2726 1705 2782 opera
1728 2727 1872 2781 juves3
1903 2741 1979 2781 pro
2007 2736 2125 2769 certo
2140 2729 2305 2778 habens,

1322 2788 1423 2832 nihil
1440 2787 1501 2828 Te
1523 2799 1695 2840 unquam
1713 2786 1840 2828 Sacrae
1865 2786 2187 2840 Congregationi
2218 2799 2308 2840 gra-

1323 2846 1401 2891 tius
1415 2843 1490 2890 effe
1506 2843 1700 2887 facturum
1713 2873 1729 2896 ,
1760 2858 1836 2888 nec
1850 2843 1968 2889 aliam
1983 2843 2092 2888 forte
2107 2844 2306 2887 rationem

1324 2907 1426 2951 inire
1451 2901 1584 2963 polle,
1612 2917 1688 2959 qua
1703 2904 1853 2959 magis,
1881 2916 1960 2945 non
1978 2903 2102 2946 modo
2126 2901 2306 2957 ejusdem

1325 2970 1452 3011 Sacrae
1468 2962 1810 3020 Congregationis
1823 2990 1838 3013 ‚
1855 2960 1917 3005 sed
1931 2960 2203 3006 &Sanctiffimi
2222 2963 2306 3002 Do-

1325 3026 1422 3069 mini
1441 3022 1603 3076 Nostri,
1634 3020 1967 3077 quideomnibus
1994 3023 2018 3066 a
2046 3022 2107 3064 Te
2122 3020 2236 3075 gestis
2265 3021 2304 3063 in

1326 3081 1653 3141 Apostolicorum
1669 3078 2000 3126 Miffionariorum
2028 3079 2211 3123 levamen
2243 3088 2304 3120 at-

1322 3158 1399 3200 que
1422 3139 1632 3186 sublidium
1657 3139 1811 3187 certior
1839 3139 1894 3185 cst
1918 3137 2072 3192 facins,
2102 3138 2270 3194 gratiam
2287 3165 2303 3188 s

1323 3201 1504 3247 favorem
1518 3227 1533 3250 ‚
1549 3200 1590 3244 &
1605 3201 1895 3257 protectionem
1913 3198 2196 3254 promerearis·
2214 3198 2301 3250 Ego

1321 3272 1458 3306 autem
1469 3259 1739 3313 Amplitudini
1756 3261 1849 3302 Tuae
1875 3256 2063 3299 summam
2085 3270 2132 3301 ac
2146 3256 2300 3299 diutur-

1322 3335 1414 3366 nam
1429 3315 1749 3362 incolumitatem
1765 3315 1882 3359 enixe
1899 3329 2042 3369 precor
2057 3343 2070 3358 .

1439 3380 1581 3424 Romae
1595 3376 1817 3438 9.Januarii
1837 3387 1884 3425 17
1896 3385 1959 3430 ¹4·

1381 3500 1441 3542 Ex
1458 3494 1676 3549 meh-gen.
1691 3492 1790 3540 Ord.·
1804 3494 1916 3536 Arm.
1930 3487 2065 3533 Mimo
2078 3487 2243 3534 Thibeti
2254 3514 2268 3529 .

2111 3783 2247 3826 No·
