2496 4172
982 130 1490 251 hApollolicd'..

2019 163 2180 260 '133

216 297 310 341 «qne
341 282 610 328 Ecclefiarum
638 283 708 326 sibi
727 280 988 336 subjectarum
1015 280 1211 335 regimine
1270 282 1423 330 ritate,
1455 284 1525 323 aut
1538 278 1768 334 dignitate,
1796 286 1944 329 etiamst
1962 291 2222 342 Patriarehali
2246 307 2249 310 ⁴

213 343 477 391 ,incidentiu
493 345 532 385 &
549 344 654 387 varia
666 339 858 398 postulata
883 343 935 384 de
958 340 1077 382 rebus
1092 366 1109 388 ,
1139 335 1208 379 sua
1268 348 1337 381 aut
1362 338 1584 393 Episcopali
1603 339 1866 394 prefulgeat,
1895 347 2113 402 quidquam
2135 328 2249 396 »nno-⁵.

214 399 426 445 sententis
439 427 454 450 ‚
472 403 539 443 fibi
554 402 795 458 opportunis
808 428 823 450 ,
838 399 886 440 ad
904 398 1020 454 hujus
1035 396 1202 452 Apollo-

230 459 316 504 licae
346 459 460 503 sedis
476 459 670 516 judicium
680 471 793 500 more
822 457 1024 512 Majorum
1040 454 1198 497 detule-

225 528 290 562 rat
310 527 383 572 ;ut
401 519 584 574 suprema
605 516 778 561 Romani
805 513 1010 558 Pontificis
1029 512 1202 556 auctori-

224 588 315 620 tate
333 578 394 627 ,δι
411 579 540 620 omnis
555 575 792 632 ambiguitas
805 599 819 623 ,
846 586 1110 628 errorumque
1123 570 1203 613 tol-

215 636 384 679 leretur
395 638 550 679 occasio
561 663 576 687 ,
587 635 629 677 dt
644 631 903 678 Ecclefiastici
921 630 1125 686 regiminis
1138 642 1204 671 or·-

216 693 306 744 do,
334 709 378 737 ac
394 693 665 750 tranquillitas
680 718 694 740 ,
725 692 765 733 in
794 691 839 732 iis
866 689 1091 745 regionibus
1106 714 1122 737 ,
1150 686 1202 728 ad

223 753 474 808 Populorum
488 753 654 796 salutem
667 748 846 807 providis
868 748 1022 803 legibus
1051 745 1199 789 affere-

222 821 344 855 retur
355 841 368 855 .
623 820 627 829 ’

343 873 485 926 Itaque
515 866 734 920 laudabili,
765 865 947 922 justoque
969 864 1080 909 illius
1093 862 1201 907 defi-

219 924 343 972 derio
362 927 658 978 obsecundare,
674 925 927 984 ejusdemque
943 924 1096 967 iteratis
1113 936 1202 979 pre·

219 989 336 1031 cibus
352 1011 367 1035 9
384 984 578 1043 quantum
590 986 822 1042 opportune
849 983 934 1027 fieri
959 982 1083 1039 poffet
1099 1009 1114 1032 ,
1144 980 1203 1023 sa-

220 1046 410 1089 tisfacere
439 1044 643 1101 cupientes
657 1072 672 1096 ,
701 1054 834 1087 totam
863 1056 997 1086 rerum
1013 1040 1203 1085 summam

217 1105 352 1160 -longo
390 1102 606 1147 intervallo
648 1103 847 1159 jacentem
892 1100 1171 1157 resumplimus
1184 1127 1200 1151 ,

218 1175 393 1218 eamque
417 1175 489 1216 per
505 1159 780 1217 Nosmetiplbs
794 1161 1046 1211 examinare,
1077 1170 1200 1214 atque

222 1221 411 1267 accurate
422 1218 593 1265 definire
611 1220 790 1264 volentes
800 1249 817 1273 ,
826 1221 979 1263 summo
993 1217 1137 1268 (tudio.
1153 1231 1200 1260 ac

223 1281 439 1336 diligentia
470 1280 656 1336 predicta
670 1279 799 1322 Dubia
810 1305 825 1327 ‚
854 1280 896 1320 δι
913 1278 1110 1319 Postulata
1122 1278 1199 1317 fin·

225 1338 395 1396 gulatim
409 1337 693 1392 perpendimus
707 1334 1001 1392 ,adhibitisque
1018 1335 1058 1377 in
1075 1332 1200 1377 confi·

221 1397 321 1440 lium
346 1395 550 1438 nonnullis
576 1407 627 1438 ex
659 1394 963 1439 venerabilibus
993 1394 1198 1436 Fratribus

227 1454 388 1499 Nostris
399 1453 548 1495 Sancte
562 1453 753 1497 Romano
769 1452 953 1498 Ecclefioe
968 1451 1200 1495 Cardinali-

224 1513 324 1564 bus,
342 1526 390 1556 ex
406 1525 460 1557 eo
473 1523 586 1556 coetu
601 1511 767 1558 delectis
786 1541 801 1565 ,
829 1513 900 1571 qui
926 1510 1198 1566 Propagandae

221 1572 336 1616 Fidei
352 1572 525 1630 negotiis
540 1570 710 1627 presunt
724 1599 739 1623 ,
757 1582 843 1614 tum
858 1571 982 1615 etiam
999 1570 1196 1625 aliquibus

220 1643 274 1675 ex
285 1631 417 1675 Clero
426 1631 608 1673 seculari
620 1658 638 1682 ,
650 1631 690 1673 δι
711 1631 903 1687 Regulari
922 1628 1107 1686 gravibus
1123 1629 1197 1672 Vi-

220 1690 277 1734 ris
293 1716 308 1742 ,
338 1703 384 1733 ae
405 1689 683 1747 Theologica,
711 1691 753 1733 er
768 1690 979 1733 canonica
1007 1687 1201 1731 facultate

225 1747 518 1807 prestantibus,
544 1762 647 1806 quos
673 1760 816 1793 omnes
829 1762 968 1792 coram
984 1746 1110 1790 Nobis
1142 1746 1198 1788 se-

219 1807 321 1857 mel,
340 1807 399 1851 bis
410 1833 425 1856 ‚
437 1810 563 1851 tertio
575 1808 628 1851 de
640 1809 835 1863 predictis
849 1808 966 1852 rebus
980 1805 1196 1850 sententias

221 1864 311 1918 {bas
322 1865 483 1916 aperire
497 1865 773 1910 mandavimus
785 1894 800 1918 ,
813 1881 860 1910 ea
877 1866 1042 1909 tandem
1054 1864 1196 1909 decer·

221 1935 320 1967 nere
332 1950 348 1973 ,
378 1935 500 1979 atque
524 1923 675 1967 sancire
691 1925 892 1968 statuimus
906 1953 921 1975 ,
947 1937 1031 1976 quc
1046 1936 1115 1978 per
1131 1925 1200 1965 has

221 1981 385 2025 litteras
415 1982 577 2025 Nostras
590 2009 606 2032 ,
626 1983 753 2025 Vobis
765 2011 778 2034 ,
811 1984 913 2025 Ven.
930 1984 1105 2031 Fratres,
1131 1992 1201 2035 per

221 2042 451 2084 universum
467 2042 695 2084 Antiochia.-
708 2041 1029 2084 Patriarchatum
1041 2039 1199 2082 Ortho-

219 2099 336 2143 doxis
349 2100 808 2144 Crem-Melchitarum
822 2099 1089 2142 Ecclefiarum
1105 2096 1220 2159 5⁹⁵2

221 2158 349 2212 scopis
362 2186 379 2209 ,
408 2158 581 2203 tenenda
594 2180 614 2209 ς
636 2166 759 2213 atque
773 2156 1019 2198 obstrvauda
1032 2181 1050 2205 ,
1082 2157 1195 2208 Apo-
1260 2186 1263 2190 .

217 2217 356 2260 stoliea
386 2218 626 2260 aufloritate
654 2213 907 2256 declaramus
932 2223 950 2265 3
981 2210 1193 2254 maximam

219 2274 275 2317 de
301 2273 414 2315 vobis
441 2273 627 2316 omnibus
649 2271 690 2313 in
708 2272 888 2314 Domino
917 2269 1102 2314 fiduciam
1125 2271 1192 2312 ha-

219 2333 393 2382 bentes,
421 2330 509 2375 sore
524 2357 539 2382 ,
571 2340 613 2372 ut
631 2331 809 2374 Paterna
826 2330 979 2374 Nostra
991 2343 1087 2385 erga
1104 2330 1191 2372 Vos

217 2389 425 2442 charitati,
441 2405 487 2433 ae
502 2387 682 2435 studiose
693 2389 746 2431 de
761 2391 876 2437 rebus
891 2389 1028 2432 vestris
1050 2388 1197 2432 sollici·

217 2448 347 2491 tudini
363 2448 522 2507 integr!
540 2476 554 2500 ,
565 2447 831 2504 promptique
844 2479 859 2500 ,
873 2457 919 2492 ut
931 2462 1000 2504 par
1012 2448 1083 2500 est,
1095 2448 1194 2490 obe·

216 2504 371 2550 dieunt
384 2532 400 2555 ,
429 2518 551 2565 atque
565 2507 822 2552 observarit
836 2507 1108 2561 respondeatis
1122 2531 1136 2547 .

337 2567 468 2608 Porro
480 2579 531 2608 ex
543 2565 675 2609 dubiis
687 2591 704 2616 ,
723 2567 764 2608 dt
778 2567 981 2621 postulatis
994 2568 1018 2611 a
1033 2564 1196 2622 praelau·

218 2624 319 2669 dato
334 2624 436 2668 Ven-
452 2627 594 2669 Fratre
608 2622 773 2680 cyrillo
788 2625 1021 2668 patriarcha
1047 2637 1196 2679 propo-

216 2683 321 2736 fitis,
353 2683 485 2740 aliqua
510 2684 718 2739 pertinent
743 2682 794 2725 ad
819 2681 1197 2726 conservationem..

217 2743 394 2787 Rituum
408 2771 423 2794 ,
445 2745 485 2787 dt
509 2756 666 2784 morum
694 2741 877 2787 Eccleliae
899 2743 1045 2786 Groecae
1059 2766 1075 2790 ‚
1107 2751 1196 2782 tum

216 2802 498 2845 universorum
519 2803 559 2844 in
572 2814 744 2857 genere,
775 2811 862 2843 tum
875 2814 1015 2844 eorum
1043 2800 1082 2842 in
1109 2798 1196 2853 spe·

217 2859 1195 2982 5:25.ssae31‘31115322‘222‘332035523'33’2351

215 2986 348 3032 nent3
379 2977 471 3020 Alia
497 2975 702 3020 versantur
719 2989 828 3023 circa
853 2976 1194 3029 iurisdictionem-a

218 3035 395 3093 ejusdem
411 3035 651 3079 Patriarchae
662 3062 678 3085 ,
700 3035 740 3076 ὰ
756 3036 1046 3091 Episcoporum
1058 3036 1095 3080 ei
1108 3033 1195 3078 sub-

215 3095 412 3155 jeftorum
431 3123 445 3146 ‚
475 3108 591 3150 quam
621 3094 712 3136 hinc
727 3096 779 3136 ab
793 3095 998 3150 Episcopis
1014 3093 1197 3137 Maroni-

217 3155 271 3199 tis
285 3183 301 3207 ,
327 3157 420 3198 hinc
437 3154 568 3196 veros
587 3151 838 3197 Miffionariis
859 3154 1011 3197 Latinis
1034 3162 1199 3208 pertur-

218 3215 307 3259 bari
334 3214 514 3258 afferitur
533 3224 548 3255 t
580 3212 788 3254 Nonnulla
819 3212 992 3268 denique
1023 3212 1198 3267 spectant

219 3273 272 3317 od
289 3274 579 3317 Monachorum
594 3269 842 3323 disciplinam
854 3301 871 3322 ,
897 3285 1120 3328 eorumque
1136 3268 1197 3312 le-

220 3333 401 3389 gitimam
431 3329 712 3386 Superioribus
740 3328 1047 3384 subiefflonem3
1076 3339 1195 3374 tum.-

220 3391 342 3434 etiam
366 3391 416 3434 ad
433 3386 725 3445 Religiosarum
742 3389 1014 3432 Foeminarum
1032 3387 1198 3431 vivendi

221 3449 449 3505 Regulam,
479 3462 690 3502 earumque
713 3448 893 3503 regimen
907 3473 922 3495 ‚
945 3449 985 3490 δι
999 3446 1195 3489 tutelam.

334 3510 398 3551 De
417 3509 558 3551 ritibus
575 3508 722 3562 igitur,
746 3508 786 3548 δι
812 3506 987 3550 moribus
1013 3503 1196 3550 Ecclefiae

217 3566 364 3610 Groecae
379 3565 479 3608 illud
496 3567 688 3623 imprimis
701 3566 921 3621 generatim
940 3562 1194 3607 statuendum

216 3623 468 3669 decrevimus
479 3652 494 3674 ,
517 3624 664 3668 nemini
679 3623 827 3673 licuiffe
842 3654 855 3677 ,
871 3632 941 3666 aut
959 3624 1081 3665 licere
1093 3635 1194 3676 quo·

213 3684 274 3727 vis
296 3682 418 3727 titulo
431 3709 449 3735 ,
467 3683 508 3725 dt
521 3682 664 3729 colore
680 3713 696 3737 ,
722 3686 758 3727 St
782 3693 1032 3742 quacumque
1057 3683 1192 3724 austo-

1267 411 1361 439 vare
1379 424 1394 448 ,
1425 406 1497 438 aut
1517 394 1664 452 aliquid
1692 397 1983 452 introducere,
2013 409 2123 459 quod
2148 410 2250 451 inte-

1261 468 1377 511 gram
1398 483 1415 505 ,
1444 458 1703 510 exactamque
1733 459 1974 500 eorumdem
2006 463 2249 507 observatio-

1262 526 1356 558 nem
1381 513 1617 556 imminuat.
1647 515 1757 556 Hinc
1775 516 1854 566 eli,
1882 516 1995 573 quod
2012 521 2249 574 Euthymii,

1261 572 1360 614 olim
1379 570 1679 628 Archiepiscopi
1708 573 1837 628 Tyri,
1860 575 1900 616 δι
1930 577 2135 630 sydonis,
2163 581 2251 621 Viri

1262 628 1445 684 alioquin
1470 630 1708 683 Catholici,
1740 634 1877 686 reique
1903 636 2135 678 Christiana
2158 650 2252 678 oro-

1260 688 1454 792 3:52⁰}ae
1471 689 1767 792 ίῖὶιὲῗέἕιῦὲῖὲιῐιιὶἱ
1788 689 1936 793 factu?
1952 722 1968 761 ,
1993 679 2251 794 aliasbab⁵hac

1262 807 1407 850 iterum
1423 762 1612 862 fc’ggimur
1629 763 1890 864 reprt‹'›b(;t··e7,¹
1907 763 2247 865 indffgtlaomgtttffi

1261 867 1314 908 ab
1343 878 1396 909 eo
1425 866 1665 909 auctoritate
1696 869 1858 924 propria
1881 897 1896 920 ,
1937 869 2246 925 inconsultoque

1265 927 1455 968 Romano
1484 925 1680 968 Pontifice
1701 953 1719 978 ,
1747 927 2035 971 nonnullarum
2061 928 2248 972 Ecclcfiae

1263 986 1413 1027 Graecae
1436 983 1771 1027 consuetudinum
1797 989 2119 1031 immutationem
2134 1016 2149 1040 ,
2181 1002 2248 1031 re·

1264 1055 1483 1094 vocamus,
1512 1054 1633 1098 atque
1659 1044 1814 1086 irritam
1841 1044 1979 1096 fuiffe,
2007 1047 2047 1089 δι
2069 1042 2145 1089 elie
2173 1046 2248 1090 de&

1260 1102 1459 1145 cernimus
1472 1129 1488 1151 ,
1517 1104 1733 1158 omnesque
1749 1103 1999 1159 imposterum
2012 1134 2028 1157 ,
2055 1106 2096 1148 8ι
2113 1107 2246 1160 fingu-

1262 1160 1323 1202 los
1340 1158 1527 1203 Ecclefiae
1539 1163 1688 1203 Graecoe
1705 1162 1824 1205 Ritus
1840 1190 1854 1214 ,
1876 1165 1914 1204 &t
1931 1177 2062 1206 mores
2074 1166 2098 1207 a
2116 1165 2245 1207 Patri-

1257 1219 1335 1261 bus
1348 1218 1524 1260 traditos
1538 1219 1703 1260 omnino
1717 1218 1867 1263 servari
1882 1222 2113 1264 mandamus
2126 1234 2142 1275 ;
2164 1222 2246 1278 spe*

1259 1276 1423 1321 cialiter
1439 1276 1695 1333 injungentes
1723 1281 1825 1321 Ven.
1842 1282 1974 1322 Fratri
2004 1283 2243 1324 Patriarchat

1260 1336 1525 1379 Antiocheno
1546 1362 1560 1382 ‚
1593 1346 1639 1379 ut
1663 1350 1804 1381 eorum
1832 1338 2119 1383 conservationi
2151 1339 2249 1382 dili·-
2319 1374 2320 1377 ,

1260 1404 1411 1453 genter
1426 1394 1607 1451 invigilet
1622 1421 1634 1442 ‚
1664 1409 1712 1437 ac
1730 1397 1944 1451 provideat
1958 1426 1974 1450 ,
2004 1413 2055 1441 ne
2071 1398 2154 1441 ulla
2171 1411 2248 1440 no-

1261 1456 1368 1497 vitas
1398 1453 1419 1510 (
1443 1456 1550 1498 unde
1579 1453 1824 1498 conffifionis
1856 1467 1899 1498 ut
1931 1455 2149 1512 plurimum
2163 1484 2179 1507 ‚
2206 1457 2248 1497 8ι

1257 1511 1435 1556 scandali
1451 1512 1639 1568 occafio)
1657 1514 1696 1555 in
1715 1514 1801 1569 ipfis
1819 1515 2103 1559 introducatur
2116 1528 2130 1556 t
2151 1516 2248 1558 Per*-

1256 1572 1465 1615 mittentes
1481 1570 1740 1614 solummodo
1756 1572 1885 1615 eidem
1906 1574 2148 1616 Patriarchae
2164 1601 2180 1624 ,
2206 1574 2249 1614 dt

1263 1629 1471 1686 Episcopis
1485 1630 1711 1673 Catholicis
1731 1631 1770 1673 in
1795 1633 1972 1687 propriis
1993 1632 2245 1675 Dioecestbus

1260 1688 1503 1732 facultatem
1515 1688 1774 1745 corrigendi,
1801 1702 1921 1747 atque
1937 1691 2163 1746 extirpandi
2181 1691 2248 1733 ab·

1261 1746 1352 1790 usus
1369 1774 1384 1797 ,
1414 1748 1439 1789 fi
1454 1761 1554 1804 quos
1571 1776 1585 1799 ‚
1609 1758 1676 1789 aut
1699 1762 1842 1792 errore
1866 1750 2004 1805 vulgi,
2028 1760 2095 1792 aut
2122 1748 2242 1793 schis-

1263 1806 1503 1850 maticorum
1523 1806 1646 1854 dolo,
1678 1806 1758 1852 five
1770 1807 1897 1850 saculi
1923 1810 2022 1852 vitio
2047 1810 2154 1851 inter
2175 1821 2244 1851 eos

1259 1863 1454 1921 irrepliffe
1468 1866 1766 1920 compererint3
1797 1867 1862 1911 vel
1879 1870 2001 1910 etiam
2017 1867 2151 1923 aliqua
2172 1881 2245 1923 pe-

1259 1925 1429 1967 culiaria
1444 1924 1606 1978 pietatis
1618 1925 2077 1976 exercitia-admittendi,
2092 1941 2139 1968 ac
2150 1939 2245 1981 pro·

1263 1982 1416 2029 bandi,
1445 1983 1471 2023 li
1486 1994 1572 2037 que
1597 1981 1646 2024 ad
1671 1983 1991 2038 promovendam
2008 1984 2243 2028 fidelium-a

1263 2040 1502 2096 religionem
1528 2050 1651 2095 apta,
1680 2044 1719 2083 δι
1744 2040 1921 2098 proficua
1948 2042 2172 2099 prudenter
2197 2042 2240 2087 itt

1261 2099 1439 2141 Domino
1461 2096 1750 2150 judicaverint.

1371 2156 1475 2196 Huic
1492 2164 1627 2199 autem
1645 2159 1829 2200 sanctioni
1844 2159 2096 2214 generaliter
2111 2160 2132 2200 i
2149 2162 2237 2202 No·

1252 2213 1311 2256 bis
1329 2214 1495 2270 prolate
1516 2212 1834 2259 consentaneum
1858 2217 1913 2260 est
1926 2245 1941 2267 ,
1974 2227 2020 2260 ut
2040 2218 2118 2260 ina
2136 2230 2237 2260 eon-

1252 2271 1481 2318 suetudines
1504 2272 1544 2313 in
1570 2271 1695 2327 specie
1709 2301 1725 2326 ,
1754 2289 1841 2331 quae
1856 2276 2031 2330 aliquam
2050 2277 2239 2319 mutatio·

1254 2345 1350 2377 nem
1364 2357 1379 2379 ,
1408 2342 1476 2373 aut
1491 2330 1776 2376 detrimentum
1794 2333 1946 2390 subjiffe
1964 2334 2146 2378 seruntur
2159 2360 2174 2383 ,
2202 2336 2242 2377 in

1255 2390 1461 2449 pristinum
1477 2390 1660 2443 vigorem
1674 2393 1918 2437 reducantur
1930 2421 1943 2443 ,
1972 2396 2012 2437 dt
2027 2394 2241 2438 restituan-

1255 2461 1323 2495 tur
1336 2479 1350 2493 Ι

1370 2511 1480 2552 Cum
1495 2508 1623 2564 itaque
1635 2513 1839 2565 pradictus
1850 2511 2233 2568 cyrinus‚t>atriar-

1255 2571 1328 2613 cha
1341 2569 1617 2611 Antiochenus
1630 2597 1645 2620 ,
1661 2571 1700 2612 in
1718 2572 1896 2624 quodam
1916 2570 2239 2628 episcoporum..

1255 2624 1432 2670 conscss'u
1445 2627 1498 2668 de
1513 2641 1620 2670 anno
1634 2629 1754 2683 1736.
1771 2631 1810 2672 in
1828 2633 1971 2673 Monte
1988 2631 2141 2674 Libano
2167 2630 2237 2670 ha·

1257 2686 1375 2733 bito,
1406 2682 1516 2738 supra
1535 2686 1742 2728 enunciati
1770 2690 1981 2741 Euthymii
2006 2684 2233 2741 Arcbiepis-

1254 2743 1962 2855 fissizffsz‘fe'ffsfflstssttsssst
1974 2743 2235 2854 3233&

1256 2858 1494 2914 Apostolicae
1509 2860 1624 2903 Sedis
1643 2863 1817 2905 Decreta
1833 2890 1847 2914 ,
1867 2876 1951 2919 quae
1967 2865 2016 2904 ad
2031 2862 2146 2917 ipsius
2163 2875 2235 2917 pe·

1256 2918 1444 2964 titionem
1458 2933 1564 2962 anno
1582 2934 1594 2962 ι
1607 2932 1629 2970 7
1634 2934 1702 2975 32.
1720 2917 1944 2975 prodierant
1959 2934 1974 2973 3
1988 2921 2048 2978 (δι
2060 2933 2233 2977 quorum

1254 2976 1417 3035 quidem
1431 2978 1710 3021 executionem
1723 3008 1739 3030 ,
1760 2982 1811 3024 ab
1823 2981 1967 3024 eodem
1982 2985 2022 3023 in
2037 2979 2234 3035 aecipien-

1258 3037 1309 3080 da
1335 3034 1407 3078 suae
1423 3036 1638 3092 Dignitatis
1654 3036 1964 3083 confirmatione
1986 3041 2025 3082 in
2051 3052 2236 3095 genere)

1260 3092 1485 3154 promiffam
1501 3124 1516 3147 ‚
1546 3108 1621 3151 pro
1643 3096 1754 3140 illius
1777 3101 1974 3154 perspefla
2001 3101 2118 3146 vitae‚
2146 3094 2235 3138 offi-

1257 3155 1391 3209 ciique
1409 3153 1636 3209 religione,
1659 3157 1907 3201 &constanti
1937 3161 1975 3200 in
2003 3158 2104 3199 hanc
2132 3157 2233 3196 San-

1254 3217 1361 3256 ctam
1387 3213 1531 3256 Sedem
1555 3214 1843 3267 observantia,
1873 3229 2078 3272 nunquam
2103 3227 2233 3256 eum-n

1255 3271 1427 3316 scienter
1455 3272 1803 3329 praetermissurum
1827 3273 1965 3324 fuiffe,
1992 3276 2032 3316 in
2059 3272 2232 3316 animum

1255 3332 1517 3389 inducimus)
1532 3345 1611 3375 non
1627 3333 1754 3376 solum
1770 3335 1840 3375 fibi
1855 3334 1976 3376 licere
1989 3361 2006 3384 ,
2028 3331 2093 3375 fed
2111 3332 2230 3372 etiam

1255 3391 1444 3447 expedire
1459 3392 1665 3444 putaverit
1676 3422 1694 3443 ,
1705 3402 1908 3447 receptam
1922 3391 2103 3434 Ecciefiae
2118 3392 2231 3431 Gre-

1255 3462 1311 3493 σε
1320 3448 1572 3503 disciplinam
1584 3451 1694 3492 circa
1706 3449 1850 3504 jejunia
1865 3451 2097 3491 immutare:
2116 3450 2230 3490 Con·

1254 3506 1427 3551 fiderans
1441 3521 1582 3561 nempe
1598 3508 1772 3562 inopiam
1789 3507 2054 3563 complurium
2067 3503 2225 3547 suorum

1253 3566 1500 3609 subditorum
1516 3566 1660 3608 Graeco
1672 3593 1693 3600 -
1710 3565 1992 3609 Melchitarum
2005 3592 2020 3612 ‚
2049 3564 2229 3607 desertos

1252 3625 1433 3667 Arabum
1462 3635 1588 3678 pagos
1614 3623 1877 3666 incolentium
1905 3653 1919 3675 ,
1947 3624 2015 3666 ubi
2047 3624 2229 3665 ciborum

1250 3679 1663 3746 Qadragcfimalium
1678 3681 1848 3725 maxima
1863 3683 1920 3727 est
1931 3684 2128 3740 penuria,
2149 3695 2228 3723 ma,-

2050 3753 2168 3796 gnam
