2496 4172
963 101 1393 216 Apostolica
1418 163 1437 183 .

238 255 349 287 tuum
376 255 563 300 quoque,
598 259 643 289 ac
677 243 906 301 Principum
936 246 1207 296 auetoritate2,

238 305 506 359 undequaque
518 304 770 349 eliminandis
796 302 1052 362 fugandisque
1074 304 1206 349 felici-

232 373 300 406 ter
314 361 598 405 adlaboravit.

359 423 541 478 Denique
557 420 756 466 charitatis
771 420 843 464 suae
853 422 1142 479 plenitudinem
1157 421 1208 466 ad

238 489 447 524 externum
473 494 633 538 quoque
649 482 932 525 proximorum
963 483 1144 526 levamen
1170 482 1211 525 δι

239 539 429 581 auxilium
442 541 665 583 extendens
678 566 692 589 ‚
715 553 850 584 omnes
868 539 1123 583 calamitosos
1138 554 1210 596 pa·

238 607 358 642 terno
377 598 458 640 finu
480 599 710 653 complexus
724 627 739 650 ,
763 611 982 655 pauperum
1015 597 1223 642 numero?

240 658 304 701 sos
320 670 464 715 greges
477 656 656 701 conectis
669 657 844 713 undique
861 656 1124 714 eleemosynis
1144 655 1208 700 su·

239 716 463 768 stentabat3
488 716 741 772 Pupillorum
765 730 812 758 ac
829 716 1052 760 Viduarum
1067 715 1207 759 solitu-

238 774 402 821 dinem,
425 784 654 828 comparata
677 773 825 818 eisdem
850 777 1130 819 Potentiorum
1161 790 1208 818 ae

239 834 471 887 Principum
495 845 574 886 ope
596 859 612 883 ‚
653 828 922 888 sublevabat3
963 834 1212 879 carceribus

237 890 434 942 inclusos,
463 890 675 941 omnibus,
702 893 848 948 quibus
877 903 1067 949 poterat,
1095 892 1211 950 spiri-

239 948 415 993 tualibus
452 949 493 992 &
532 949 811 1006 corporalibus
846 952 996 996 solatiis
1035 952 1172 1010 juvare
1196 978 1211 1002 2

237 1017 407 1065 egrotos
437 1009 639 1064 quoslibet
668 1010 808 1054 sedulo
835 1010 1032 1065 invisere,
1061 1025 1213 1055 recrea-

238 1080 303 1119 re,
320 1081 366 1109 ac
387 1069 476 1110 Deo
488 1068 732 1111 conciliatos
748 1069 797 1111 ad
811 1079 1032 1113 extremam
1048 1066 1211 1113 subeun-

237 1127 330 1170 dam
345 1124 492 1168 luctam
505 1140 659 1170 armare
672 1141 754 1171 non
768 1128 974 1173 defislebat
985 1159 996 1170 .
1014 1132 1114 1190 Qo
1127 1129 1211 1185 qui-

237 1185 331 1229 dem
347 1184 385 1226 in
401 1199 549 1240 genere
563 1185 713 1230 nullam
737 1187 874 1232 habuit
888 1188 1113 1232 uberiorem
1130 1202 1211 1231 me·

237 1244 408 1286 sitorum
433 1242 609 1301 segetem
636 1272 652 1297 ,
683 1247 803 1302 quim
833 1259 956 1303 quum
983 1246 1211 1291 Austriacus

239 1303 442 1345 exereitus
457 1302 499 1346 in
512 1303 559 1347 iis
575 1304 828 1360 Regionibus
843 1304 1032 1348 stationes
1049 1304 1213 1348 habens,

239 1359 474 1416 epidemico
490 1362 638 1404 morbo
652 1362 863 1407 univerfim
874 1362 960 1406 sere
975 1373 1211 1420 correptus,

237 1417 504 1462 miserandum
531 1419 582 1462 de
604 1420 640 1464 se
655 1422 843 1476 pabulum
859 1422 1143 1479 languoribus,
1172 1423 1213 1464 δι

236 1476 358 1521 morti
373 1477 598 1532 praebebat.
633 1482 749 1523 Tunc
771 1479 878 1524 enim
907 1481 1040 1524 videre
1065 1481 1210 1532 licuit,

234 1535 543 1638 qgatehgritazis
571 1537 730 1638 flangma
756 1538 1208 1640 sucgnsusglpssus

237 1608 260 1635 e
290 1607 312 1636 e
348 1621 363 1644 ‚
410 1609 475 1637 um
521 1609 641 1638 orren
671 1611 710 1640 as
722 1611 811 1640 mor
869 1611 955 1640 rum
1039 1609 1208 1639 onerum

235 1649 388 1708 species
417 1652 578 1696 minime
601 1652 805 1709 refugiens
827 1681 842 1704 ,
862 1665 1033 1711 egrotos
1055 1654 1209 1698 Milites

235 1709 466 1765 singulatim
480 1710 651 1755 invisere
669 1739 683 1764 ,
707 1711 851 1762 solari,
877 1727 1015 1756 corum
1041 1713 1209 1758 ulcera.»

235 1770 487 1812 contrestare
501 1799 516 1821 ,
547 1770 680 1813 tabem
698 1771 739 1814 δι
751 1772 943 1828 pedorem
957 1771 1183 1830 abstergere
1194 1799 1210 1822 ‚

231 1826 345 1871 eibos
360 1840 405 1868 ac
418 1828 713 1873 medicamenta
728 1830 817 1884 ipfis
830 1828 1086 1887 suppeditare
1099 1860 1114 1882 ,
1141 1832 1211 1874 de·
1236 1883 1240 1886 ,

235 1885 352 1942 nique
367 1885 552 1930 Ecclefiae
579 1890 832 1931 Sacramenta
861 1887 1058 1933 indefesso
1081 1889 1212 1933 studio

237 1944 483 1996 ministrare,
498 1944 535 1986 in
549 1944 707 1988 deliciis
724 1947 864 1990 habuit
883 1975 895 1988 .

366 2004 511 2060 Qum
548 2003 685 2061 itaque
721 2003 957 2048 sanctissimis
992 2004 1215 2051 Salvatoris

237 2061 376 2107 Nostri
405 2061 598 2120 exemplis
625 2072 746 2120 atque
763 2067 968 2121 praeceptis
995 2074 1076 2109 tam
1095 2080 1213 2108 accu-

237 2120 326 2164 rate
352 2121 548 2175 insistens,
577 2121 731 2179 duplici
759 2124 985 2168 dile-{lionis
1013 2124 1152 2180 spiritu
1166 2123 1214 2177 fi:

234 2179 403 2237 plenum
419 2180 649 2231 ostenderet
663 2208 678 2232 ,
707 2182 749 2224 id
761 2183 921 2238 optimo
934 2182 1024 2239 jure
1033 2181 1212 2239 assequu-

235 2250 302 2283 tus
317 2238 371 2282 ell
386 2239 606 2282 FIDELIS
621 2268 637 2290 ,
664 2249 711 2282 ut
732 2240 784 2283 ad
801 2241 1020 2297 Apostolici
1038 2242 1211 2285 muneris

234 2296 510 2344 consortium,
540 2296 692 2338 Divino
717 2300 882 2342 confilio
899 2329 912 2351 ,
947 2301 1211 2355 Super-iorum

230 2352 382 2412 judicio
395 2380 411 2405 ,
426 2353 618 2396 Romanae
631 2353 744 2396 Sedis
761 2359 1005 2400 auctoritate
1017 2384 1032 2408 ,
1046 2359 1207 2415 adlege-

226 2422 371 2465 vretur;
395 2412 476 2467 quo
505 2411 669 2455 tandem
698 2413 854 2457 eximia:
869 2416 940 2458 suae
967 2416 1207 2469 charitatis,

232 2468 532 2528 cujusillustria
545 2469 616 2513 diu
629 2469 798 2515 dederat
808 2472 1018 2531 specimina
1031 2502 1046 2525 ‚
1075 2475 1209 2518 beroi-

234 2542 327 2573 eum
341 2528 456 2571 illum
467 2529 596 2569 aetum
609 2528 793 2584 expleret
807 2558 823 2581 ,
848 2546 929 2586 quo
957 2529 1048 2574 sane
1081 2532 1210 2589 majo-

237 2601 326 2631 rem
341 2598 456 2630 nemo
470 2583 622 2641 prestat
634 2612 650 2637 ,
675 2596 720 2629 ut
733 2588 904 2630 animam
919 2586 1025 2631 suam
1039 2599 1210 2644 poneret

237 2659 314 2702 pro
327 2644 400 2686 Dei
411 2643 538 2696 gloria
555 2643 595 2685 δι
607 2646 881 2698 proximorum
897 2644 1027 2690 salute
1041 2677 1054 2689 .
1068 2651 1210 2709 Qum

237 2704 383 2748 etenim
409 2699 477 2746 fel.
507 2702 713 2745 recordat.
733 2704 1044 2749 Praedeccss'ores
1072 2707 1211 2750 Nostri

236 2761 405 2806 Romani
424 2758 635 2804 Pontifices
652 2762 797 2820 Paulus
813 2765 906 2806 V.&
926 2767 1100 2821 Gregor.
1115 2767 1211 2809 XV.

237 2819 500 2865 decrevifient
515 2847 528 2870 ,
540 2817 725 2874 grassanti
739 2834 809 2876 per
823 2825 1114 2867 conterminam
1131 2825 1211 2867 lta—

238 2880 301 2922 lioe
315 2877 513 2926 Rhatiam
529 2879 820 2922 Haereticorum
846 2880 1081 2937 dogmatum
1112 2898 1210 2927 con-

240 2936 415 2994 tagioni,
439 2948 512 2991 per
524 2937 776 2981 Orthodoxae
801 2937 993 2983 doetrinae
1019 2941 1211 2997 predica-

239 2997 390 3039 tionem
405 3021 420 3045 ,
435 2991 621 3038 salutaria
634 2995 850 3040 admovere
866 3001 1042 3043 remedia
1054 3027 1069 3052 ,
1087 3002 1128 3044 δι.
1141 3014 1211 3042 va-

237 3054 368 3098 lidum
381 3050 492 3095 fimul
505 3066 695 3117 aggerem
709 3080 725 3104 ,
737 3069 791 3099 ne
802 3055 921 3099 latius
934 3072 1050 3102 error
1062 3073 1210 3114 propa·

239 3118 427 3168 gantur,
451 3109 652 3166 obiicere3
675 3111 798 3157 visum
829 3114 885 3158 est
914 3129 963 3160 ex
977 3119 1210 3173 Capucino-

237 3183 330 3214 rum
347 3167 587 3226 potiffimum
603 3170 768 3214 Familia
781 3172 960 3217 delcetos
974 3178 1117 3230 Viros,
1127 3176 1214 3232 ipso

238 3227 401 3287 praesrde
418 3241 465 3270 ac
478 3230 583 3273 duee
595 3231 803 3283 FIDELI,
815 3233 855 3274 in
867 3232 1092 3288 hujusmodi
1107 3250 1211 3291 opus

239 3287 446 3344 designare
460 3315 473 3338 ‚
499 3288 566 3342 qui
582 3289 734 3332 animas
755 3288 956 3333 diabolica
979 3291 1118 3337 fraude
1136 3294 1210 3336 de·

237 3356 377 3405 ceptas
403 3345 452 3389 ad
467 3345 652 3390 Ecclefiae
677 3348 869 3403 gremium
895 3362 1114 3404 revocare,
1142 3367 1210 3396 eas

238 3407 339 3450 verb
355 3433 368 3454 ‚
398 3418 484 3462 quar
500 3406 576 3449 Dei
591 3403 786 3448 beneficio
810 3407 834 3450 ὲ
857 3405 1036 3462 pestifera
1059 3409 1207 3456 labe„

243 3464 370 3507 adhue
384 3464 642 3508 servabantur
663 3465 846 3516 intaeta,
876 3466 919 3507 in
943 3466 1078 3512 oinct:
1093 3468 1208 3512 Reli·-

243 3523 370 3578 gionis
389 3522 484 3568 Fide
495 3521 737 3567 conservare
751 3523 1004 3567 niterentur.

356 3578 435 3623 Hie
449 3584 549 3626 verb
562 3581 717 3626 excelsa
733 3584 953 3628 FIDELIS
968 3584 1111 3635 virtus,
1123 3600 1210 3642 quae

240 3646 353 3680 antea
367 3637 481 3682 velut
493 3641 663 3696 angustis
678 3641 864 3685 conclusa
891 3642 1088 3686 limitibus
1116 3643 1211 3689 st.-

237 3695 748 3800 mminsuemssffmqmm
779 3699 966 3744 latisfimo
981 3701 1047 3745 fibi
1064 3712 1210 3758 aperto

396 3769 469 3798 om.
559 3786 571 3800 .

2005 131 2161 231 361

1267 245 1317 287 ad
1334 244 1575 287 currendum
1591 245 1719 288 stadio
1734 276 1746 298 ,
1769 258 1895 296 totam
1920 257 1956 299 sc
1971 261 2168 312 exseruit,
2197 267 2236 306 δε

1265 303 1485 360 ρῑεοίῐίῑωὲ
1514 304 1775 346 manifestavit
1802 335 1814 346 .
1854 314 1942 356 Nec
1967 319 2071 359 enim
2095 319 2238 374 assequi

1268 362 1444 405 dicendo
1457 360 1653 418 possumus
1669 386 1684 408 a
1711 376 1791 417 quo
1804 368 1923 407 animi
1938 369 2102 416 fervore
2116 390 2160 416 ac
2177 390 2242 419 ze..

1269 421 1313 465 lo
1328 450 1342 472 ,
1355 424 1475 477 quim
1490 420 1632 462 invicta
1648 422 1840 474 patientia
1867 435 1985 477 atque
1999 433 2215 474 constantia
2229 460 2244 484 ‚

1268 480 1389 536 quarn
1404 478 1561 522 affiduis
1577 477 1760 532 durisque
1774 479 1976 522 laboribus
1990 508 2004 530 ‚
2023 487 2245 540 impolitum

1269 538 1338 581 fibi
1354 551 1493 580 munus
1507 537 1625 581 fuerit
1638 548 1861 591 executus3
1895 553 2000 581 nunc
2033 541 2172 584 stantes
2202 549 2240 587 in

1268 596 1349 640 fide
1364 596 1610 639 confirmans
1623 625 1640 651 ,
1654 610 1758 639 nunc
1774 597 2004 640 nutantibus
2014 602 2246 651 opportune

1268 656 1502 699 succurrens
1514 682 1529 705 ,
1543 656 1607 699 hle
1622 657 1749 712 lapsos
1764 656 1814 698 ad
1833 656 2114 711 poenitentiam
2130 670 2250 698 revo-

1267 728 1360 758 cans
1374 745 1390 767 ,
1402 716 1490 758 illic
1507 713 1740 758 obfirmatos
1759 718 1797 758 in
1812 716 2020 770 impietate
2031 728 2122 758 cum
2141 715 2251 756 omni

1270 773 1420 818 fiducia
1436 775 1649 830 increpans
1661 776 1696 816 &
1713 775 1964 831 impugnans,
1979 787 2057 816 non
2071 773 2198 815 modo
2212 774 2252 815 in

1271 834 1586 877 Catholicorum
1605 832 1819 883 Ecclefiis‚
1847 836 1912 877 sed
1931 834 1972 875 in
1989 831 2075 888 ipfis
2092 844 2252 887 quoque

1273 894 1572 937 Haereticorum
1597 892 1745 935 aedibus
1768 919 1780 941 ‚
1805 907 1875 949 per
1911 892 2021 934 vicos
2037 901 2253 946 praterea,

1273 962 1397 1008 atque
1411 952 1565 1007 plateas
1579 977 1593 1001 ,
1624 966 1694 1007 per
1707 951 1852 995 domos
1869 953 1907 994 ἀ
1923 950 2116 993 rusticana
2132 960 2252 1006 tugu-

1273 1011 1331 1053 ria
1346 1040 1362 1062 ,
1377 1025 1446 1066 per
1459 1011 1595 1068 aspera
1607 1011 1766 1053 &invia
1784 1012 1984 1054 montium
1997 1034 2011 1058 ,
2039 1010 2079 1052 in
2110 1009 2253 1051 sudore

1271 1071 1311 1112 δι
1323 1083 1473 1125 angore
1489 1099 1503 1122 ,
1517 1071 1558 1112 in
1573 1068 1678 1112 fame
1690 1071 1728 1111 &
1744 1068 1893 1126 frigore
1912 1070 1951 1110 δε
1975 1068 2161 1111 nuditate
2179 1096 2192 1119 ‚
2212 1068 2253 1110 in

1274 1127 1466 1184 periculis
1479 1130 1519 1171 δι
1534 1126 1624 1170 vita
1636 1126 1863 1170 discrimine
1875 1140 1892 1180 ς
1910 1130 1962 1170 ita
1979 1137 2021 1170 ut
2036 1127 2083 1168 ad
2091 1127 2253 1170 mirabi-

1275 1186 1324 1228 lis
1339 1185 1419 1227 zeli
1435 1184 1675 1235 ,sanctitatis
1691 1212 1706 1234 ‚
1734 1197 1854 1242 atque
1875 1187 2061 1229 doctrina
2076 1185 2253 1227 testimo-

1273 1243 1382 1286 nium
1421 1244 1472 1284 ab
1495 1243 1584 1299 ipfis
1614 1246 1739 1287 etiam
1763 1245 2007 1300 stupentibus
2042 1243 2251 1287 Haeretieis

1271 1310 1540 1354 extorqueret
1551 1330 1563 1343 .

1386 1358 1596 1404 Excitabat
1611 1374 1706 1404 eum
1735 1360 1786 1402 ad
1815 1361 2031 1416 praeclaros
2047 1360 2254 1403 exantlana

1271 1418 1344 1462 dos
1360 1418 1518 1463 labores
1530 1446 1546 1468 s
1569 1434 1645 1462 non
1663 1420 1787 1460 modo
1807 1418 1975 1471 suscepti
1992 1418 2114 1460 officii
2133 1417 2253 1459 subli-

1269 1479 1387 1519 mitas
1401 1504 1416 1525 ‚
1430 1479 1467 1519 &
1483 1479 1703 1521 uberrimus
1714 1477 1933 1518 animarum
1946 1474 2093 1519 fruetus
2108 1502 2122 1525 ‚
2136 1489 2255 1530 quem

1270 1537 1306 1578 in
1324 1536 1463 1578 multis
1477 1536 1661 1591 quotidie
1680 1535 1883 1578 Haereticis
1912 1548 1958 1577 ex
1973 1537 2086 1577 omni
2104 1536 2253 1576 ordine

1268 1602 1388 1648 atque
1411 1603 1527 1636 atate
1551 1592 1601 1636 ad
1632 1592 1816 1635 Ecclesia:
1845 1594 1968 1635 finum
1994 1596 2254 1636 redeuntibus

1268 1651 1407 1707 aperte
1418 1651 1615 1693 cernebat
1629 1677 1643 1698 ‚
1675 1652 1814 1693 verum
1830 1653 1952 1694 etiam
1964 1654 2129 1694 occulta
2149 1663 2258 1704 qua:-

1268 1709 1358 1754 dam
1389 1711 1430 1752 &
1454 1710 1604 1753 blanda
1635 1708 1722 1766 spes
1751 1709 1861 1752 illius
1892 1710 2101 1751 obtinendi
2127 1707 2214 1750 finus
2228 1735 2254 1774 .’

1269 1767 2059 1882 23333332‘52351255132⁹53⁹32125s2
2074 1769 2259 1881 &14:323

1272 1887 1327 1929 do
1340 1885 1611 1930 affecuturum
1641 1884 1729 1930 fore
1760 1897 1998 1942 putaverat,
2029 1897 2075 1929 ut
2099 1884 2256 1927 scilicet

1275 1946 1420 1999 dignus
1447 1944 1678 1989 efficeretur
1707 1959 1787 2002 pro
1816 1946 1980 1988 nomine
1997 1944 2151 1989 christi
2174 1942 2257 1986 san-

1274 2006 1438 2061 guinem
1450 2006 1491 2046 &
1508 2006 1630 2047 vitam
1645 2002 1891 2060 proflindere
1904 2033 1915 2045 .

1394 2065 1448 2105 Et
1463 2062 1624 2120 quidem
1648 2076 1724 2105 non
1741 2062 1812 2105 diu
1828 2064 1925 2106 tulit
1951 2062 2109 2105 humani
2138 2073 2259 2117 gene-

1275 2125 1326 2168 ris
1340 2122 1461 2165 hostis
1475 2150 1490 2172 ‚
1506 2122 1611 2164 hunc
1630 2123 1699 2164 fibi
1719 2122 1862 2163 Virum
1877 2132 1939 2164 tot
1951 2121 2099 2175 predas
2123 2121 2146 2162 ὲ
2170 2118 2260 2162 fau·

1273 2183 1388 2226 cibus
1400 2181 1559 2235 eripere
1572 2207 1587 2230 ,
1601 2179 1780 2235 dumque
1796 2178 1981 2222 fiduciam
1998 2187 2258 2234 conceperat,

1273 2253 1397 2283 novas
1416 2240 1452 2280 in
1466 2238 1549 2281 dies
1566 2238 1762 2280 Nationes
1777 2266 1791 2289 ‚
1807 2252 1910 2280 nova
1930 2239 2069 2292 Regna
2085 2239 2124 2279 in
2142 2238 2252 2277 suam

1270 2296 1511 2356 potestatem
1530 2297 1568 2339 se
1580 2296 1832 2339 redaelurum
1844 2323 1859 2345 ,
1891 2296 1970 2351 jam
1999 2295 2082 2339 fere
2108 2294 2175 2337 fibi
2200 2296 2252 2336 ab

1269 2356 1469 2413 acquifitis
1486 2356 1659 2412 imperio
1674 2354 1743 2397 suo
1757 2357 1879 2398 terris
1895 2355 2148 2410 migrandum
2166 2350 2256 2396 effe.

1270 2416 1422 2460 Videris
1449 2428 1549 2471 ergo
1576 2416 1830 2457 FIDELEM
1866 2414 1980 2469 plura
2003 2414 2188 2468 quotidie
2199 2414 2251 2454 ad

1267 2475 1576 2518 destructionem
1606 2474 1756 2516 erroris
1773 2499 1788 2524 ,
1814 2475 1852 2515 δι
1868 2472 2094 2516 catholica
2112 2473 2258 2514 verita-

1268 2534 1321 2576 tis
1340 2533 1672 2589 propagationem
1689 2532 1847 2575 utiliter
1861 2532 2131 2581 constituere,
2148 2528 2253 2583 ejus-

1268 2605 1348 2646 que
1368 2590 1530 2634 confilia
1561 2588 1795 2630 incredibili
1826 2589 1966 2644 populi
2005 2590 2220 2631 voluntate
2244 2616 2255 2636 ,

1273 2649 1507 2691 auctoritate
1531 2661 1695 2703 quoque
1712 2647 1908 2702 Principis
1935 2648 1977 2688 in
1993 2656 2082 2690 tota
2105 2650 2258 2700 Regio-

1272 2722 1323 2750 ne
1338 2704 1580 2750 constabiliri
1591 2734 1606 2755 ,
1634 2704 1853 2747 nonnullos
1866 2719 1917 2747 ex
1933 2704 2256 2759 pervicaciffimis

1273 2766 1488 2822 impietatis
1519 2763 1782 2808 sectatoribus
1813 2763 2021 2806 diabolico
2058 2761 2255 2808 surore-r

1272 2825 1496 2880 complevit
1513 2851 1527 2874 ,
1556 2823 1742 2880 mifitque
1772 2823 1811 2864 in
1825 2836 1898 2864 cor
1913 2834 2055 2864 eorum
2070 2850 2084 2872 ,
2112 2832 2156 2864 ut
2182 2824 2254 2864 vi-

1271 2896 1361 2926 rum
1383 2883 1487 2933 Dei,
1523 2879 1787 2936 profanorum
1817 2880 2058 2936 dogmatum
2086 2882 2255 2923 rituum·

1271 2956 1348 2998 que
1360 2942 1655 2985 destructorem
1667 2968 1682 2989 ‚
1705 2940 1949 2996 Apostolicae
1969 2938 2162 2982 Miffionis
2178 2942 2253 2980 du-

1271 3015 1358 3044 cem
1373 3028 1387 3052 ‚
1399 3000 1451 3043 de
1464 2999 1600 3042 medio
1614 3000 1811 3043 tollerent
1824 3026 1836 3039 .
1869 2999 1952 3054 Qui
1976 3011 2100 3052 quum
2116 2999 2253 3040 novis-

1270 3062 1354 3103 sent
1366 3073 1458 3102 eum
1473 3059 1512 3101 in
1525 3060 1698 3114 quodam
1715 3058 1902 3114 Oppido,
1930 3059 2101 3110 Luceyn
2117 3059 2250 3098 nomi-

1270 3133 1322 3161 ne
1339 3146 1353 3168 ‚
1368 3118 1633 3169 commorari,
1654 3117 1846 3161 miserunt
1865 3116 1916 3159 ad
1942 3115 2069 3171 ipsum
2092 3116 2249 3171 aliquos

1270 3190 1316 3220 ex
1333 3177 1470 3219 vicino
1482 3174 1658 3221 Sevienfi
1674 3178 1809 3233 Pago,
1827 3176 1893 3232 qui
1908 3175 2101 3229 pietatem
2124 3175 2252 3215 verbo

1270 3236 1499 3279 fimulantes
1512 3263 1529 3287 ,
1554 3248 1749 3291 rogarent
1763 3248 1857 3278 eum
1872 3259 1887 3283 ,
1913 3243 1956 3274 ut
1980 3234 2166 3287 proximo
2183 3232 2250 3274 die

1269 3296 1513 3343 Dominico‚
1528 3295 1577 3336 ad
1590 3308 1732 3338 eorum
1747 3292 1966 3336 Ecclefiam
1979 3291 2249 3332 concionatu-

1267 3367 1334 3396 rus
1349 3353 1388 3395 se
1403 3353 1442 3396 se
1454 3351 1684 3406 conferret,
1709 3352 1962 3394 ostendentes
1990 3348 2093 3390 haud
2122 3349 2248 3389 inuti-

1265 3411 1347 3454 lem
1357 3412 1462 3468 apud
1474 3410 1577 3469 ipsos
1589 3412 1675 3455 fore
1696 3410 1879 3453 salutaris
1892 3408 2080 3450 doctrina
2091 3407 2231 3461 praedi·

1269 3473 1468 3514 cntionem
1496 3500 1509 3512 .
1540 3471 1736 3526 Quamvis
1764 3478 1901 3510 autem
1932 3466 2059 3507 multa
2085 3465 2210 3507 essent
2231 3484 2247 3508 2

1269 3542 1355 3584 quae
1371 3528 1599 3571 insidiarum
1614 3528 1872 3584 suspicionem
1888 3526 1938 3567 ΕΙ
1949 3525 2080 3567 DELI
2096 3524 2246 3567 merito

1270 3587 1446 3629 facerent
1460 3615 1476 3636 ,
1506 3601 1556 3628 ne
1573 3597 1706 3629 tamen
1722 3584 1962 3640 Apostolico
1986 3585 2142 3626 muneri
2167 3582 2245 3624 ali-

1269 3660 1346 3701 qua
1359 3659 1405 3688 ex
1421 3653 1538 3699 parte
1552 3645 1681 3687 deesse
1697 3644 1901 3686 videretur
1913 3671 1929 3694 ‚
1945 3657 2067 3698 quum
2081 3640 2244 3698 praser-

1270 3704 1344 3746 tim
1367 3701 1550 3759 martyrii
1566 3713 1771 3746 certamen
1803 3702 1871 3745 fibi
1896 3715 2151 3802 nequaquan}
2171 3700 2243 3744 de-

1694 3764 1731 3806 Z
1745 3775 1767 3804 z
2115 3775 2136 3802 c
2153 3760 2188 3802 i·
