2496 4172
1016 152 1465 273 Apostolica
1491 217 1509 236 .

251 299 318 344 tiis
332 329 346 353 ‚
375 301 521 343 intimo
541 300 662 357 plane
678 300 899 346 Pontificiae
913 299 1118 344 charitatis
1137 300 1230 342 affe-

250 362 312 402 ftu
327 389 342 412 ,
373 361 410 401 in
428 362 608 404 Domino
629 364 688 405 Te
703 360 1008 416 complectimur
1019 386 1033 409 ‚
1047 359 1200 402 nullam
1214 388 1230 413 ,

251 432 339 474 quae
353 417 389 460 se
403 418 544 461 offerat
559 448 576 471 ,
605 420 850 462 occasionem
864 416 1056 460 dimilsuri
1070 447 1084 470 ,
1115 419 1227 461 lucu·

253 477 386 520 lenter
413 478 670 527 declarandi,
683 477 823 534 quanti
851 476 1032 532 praestans
1048 479 1123 519 boc
1155 479 1227 521 in.»

253 536 439 579 Afiaticae
462 537 601 581 lberiae
626 539 775 591 Regno
795 536 1020 580 Catholicae
1047 535 1232 578 Ecclesiae

257 595 415 638 lucrum
442 591 655 639 faciamus.
688 594 908 650 Reliquum
930 595 1007 645 est,
1040 604 1083 635 ut
1107 607 1229 650 expe—

255 653 438 706 ctationi,
453 668 568 710 quam
581 654 633 698 de
646 653 795 710 pietate
806 662 875 696 tua
887 654 1062 708 gerimus
1075 681 1091 706 ,
1105 655 1230 696 abun·

257 712 309 754 dc
323 713 586 768 respondere,
615 711 869 768 ejusdemque
886 711 1070 755 Ecclcssae
1082 713 1229 768 ampli-

256 770 514 822 ficationem,
543 771 765 827 &gloriam
790 771 896 827 apud
907 771 995 814 istas
1021 770 1103 812 late
1129 785 1227 827 gen·

256 841 316 875 tes
330 860 346 882 ,
377 844 472 886 quas
488 842 564 885 prae
577 829 709 872 oculis
724 831 980 874 continenter
1005 831 1195 873 habemus
1210 859 1225 880 ,

254 889 356 932 totis
383 888 532 931 viribus
558 887 790 932 incumbere
820 889 999 946 satagas,
1029 889 1126 932 dum
1142 893 1228 932 Nos

254 946 485 991 uberiorem
524 945 702 991 sensuum
738 948 959 991 nostrorum
987 947 1228 1004 explicatio-

251 1019 345 1051 nem
373 1005 559 1060 praedieto
584 1006 695 1048 Patri
723 1006 903 1062 Angelo,
935 1005 958 1050 a
985 1021 1069 1063 quo
1098 1006 1231 1064 quod-

253 1064 346 1110 dam
371 1066 492 1108 etiam
519 1065 812 1110 benevolentia
826 1066 962 1109 nostrae
976 1064 1144 1122 pignus,
1162 1075 1234 1108 tuo

251 1123 404 1167 muneri
425 1125 605 1180 apprime
621 1123 838 1167 consonum
850 1151 865 1175 ‚
879 1125 1049 1179 accipies
1061 1154 1078 1176 ,
1112 1123 1234 1168 relin-

255 1192 460 1239 quentes,
491 1183 843 1226 Fraternitatituae
870 1183 1141 1240 Apostolicam
1157 1185 1234 1225 Be·

254 1241 522 1284 ncdic‘tionem
542 1251 794 1296 peramanter
809 1242 1058 1298 impertimur
1072 1268 1084 1280 .

372 1301 522 1342 Datum
540 1302 679 1343 Roma
704 1301 809 1355 apud
827 1303 1006 1344 Sanssam
1025 1300 1232 1343 Mariam-a

254 1358 452 1410 Maiorem
495 1356 564 1400 sub
595 1359 757 1402 Annulo
787 1360 999 1402 Piscatoris
1041 1359 1106 1402 die
1135 1371 1231 1400 xiv.

253 1417 349 1470 Maii
369 1429 641 1460 Mocixnri.
667 1415 933 1463 pontificatus
950 1417 1087 1463 Nostri
1112 1421 1233 1461 Anno

253 1474 451 1520 Decimo.

309 1631 455 1687 Autog.
482 1634 526 1674 in
542 1635 684 1676 Secret-
697 1636 811 1678 Bm.
841 1633 893 1677 ad
908 1635 1111 1692 Principes
1135 1635 1231 1692 Reg-

301 1690 308 1695 ’
366 1689 486 1737 mens-⁸
498 1689 546 1738 θ’
559 1689 913 1753 αηηὶρνιῶῆ.]ἶς
922 1707 958 1736 a·

1001 1834 1232 1851 ——-

256 1925 486 1982 Barzimo,
499 1926 693 1994 Principi
711 1931 947 1999 Georgiae,
960 1946 1064 1980 tum
1080 1933 1236 1996 Capu-

326 1993 451 2044 cinos
474 1994 779 2046 Miffionarios
808 2003 1096 2069 protegenti,
1134 2014 1234 2048 tum

327 2066 440 2114 alios
473 2065 533 2127 ad
557 2063 660 2115 fidei
689 2069 940 2120 Catholicae
971 2072 1232 2138 amplexum

326 2138 535 2203 exemplo
555 2133 636 2186 suo
667 2141 977 2190 commoventi
992 2154 1146 2211 grates
1165 2156 1231 2188 re·

322 2206 514 2273 pendit,
561 2209 689 2274 eique
723 2227 831 2259 cum
866 2214 990 2281 Rege
1021 2210 1230 2278 Georgio

325 2276 617 2326 concordiam
636 2279 930 2331 commendat
942 2316 955 2330 .

253 2402 290 2447 A
304 2407 444 2459 tergo.
458 2401 611 2446 Dileflo
629 2407 744 2455 Fma,
761 2407 896 2451 Nobili
917 2410 1020 2462 Viro,
1034 2408 1237 2460 Bmim,

547 2460 723 2520 Principi
753 2469 955 2526 Georgic-

974 2620 1205 2724 'No

2034 194 2087 248 2
2164 199 2201 254 1

1351 298 1842 351 INNOCENTIUS
1880 303 2047 355 PAPA
2086 197 2211 360 5³11.

1291 417 1443 463 Dileffe
1459 416 1560 469 Fili,
1576 412 1727 459 Nobilis
1748 415 2024 479 Vir3sblutem‚
2042 421 2090 468 (ς
2107 422 2272 480 Apo-sto.

1549 478 1666 519 licam
1683 473 1994 517 Benedzfflonm
2005 500 2016 512 .

1411 598 1490 639 Um
1509 594 1638 638 Nobis
1665 591 1886 635 innotuerit
1899 618 1913 640 ‚
1942 592 2002 634 Tc
2030 592 2116 646 post
2144 591 2277 647 ejura-

1425 663 1488 697 tos
1503 683 1517 706 ,
1548 652 1684 698 divina
1699 651 1863 695 favente
1877 648 2024 706 gratia,
2042 663 2199 693 errores
2212 652 2278 690 Se-

1289 717 1386 766 ciae,
1415 715 1457 756 in
1471 728 1550 770 qua
1563 722 1680 755 natus
1705 713 1745 753 δι
1772 709 1964 754 educatus
1982 707 2084 752 fuisti
2100 736 2114 758 ,
2149 708 2277 751 susce-

1287 783 1477 830 ptamque
1505 771 1767 817 catholicam
1794 768 2052 826 Religionem
2067 798 2082 819 ,
2128 778 2275 810 extra„

1287 847 1405 891 quam
1422 845 1503 874 nou
1519 832 1574 876 cst
1591 830 1691 874 salus
1705 857 1720 880 ,
1751 829 1901 873 eximio
1926 827 2103 883 ejusdem
2118 826 2278 870 tuendae

1289 884 2278 1002 {zsspffiffigfffif‘ssffss‹isszffisssaepzcimssfi

1292 1023 1447 1054 necnon
1465 1022 1555 1058 eos,
1585 1007 1655 1066 qui
1680 1006 1801 1064 ipsam
1814 1004 2075 1050 catholicam
2091 1004 2277 1061 Religio·

1291 1082 1387 1113 nem
1402 1068 1578 1123 exempli
1595 1067 1655 1110 tui
1676 1065 1928 1110 authoritate
1951 1065 2160 1120 permoti,
2190 1077 2279 1105 am-

1293 1127 1400 1185 plexi
1414 1137 1529 1168 erant
1540 1154 1553 1177 ‚
1566 1124 1756 1168 adversus
1772 1123 2006 1173 saeviffimam
2020 1123 2280 1180 potestatem,

1291 1189 1332 1230 in
1360 1183 1452 1227 illos
1482 1183 1504 1225 a
1530 1182 1799 1226 schismaticis
1826 1183 2043 1226 excitatam
2062 1210 2076 1234 ‚
2109 1181 2283 1235 viriliter,

1289 1241 1556 1302 propugnafl'c
1565 1268 1580 1290 2
1595 1240 1821 1284 nostrarum
1834 1241 1910 1283 effe
1922 1241 2097 1294 partium
2112 1241 2280 1283 omnino

1290 1302 1478 1346 duximus
1494 1310 1632 1357 gratos
1646 1312 1741 1354 erga
1758 1299 1819 1340 Te
1834 1298 1907 1340 hac
1924 1297 1977 1339 de
1991 1297 2105 1340 causa
2118 1328 2133 1350 ‚
2156 1298 2281 1341 animi

1291 1360 1417 1405 nostri
1434 1358 1562 1403 sensus
1590 1359 1695 1401 hisce
1713 1356 1807 1400 Tibi
1826 1356 1988 1399 testatos
2005 1354 2134 1399 facere
2148 1383 2163 1407 ‚
2189 1370 2279 1399 am-

1293 1416 1546 1478 pliffimisque
1557 1416 1711 1460 meritis
1724 1416 1827 1467 tuis,
1847 1414 1977 1471 aliqua
1991 1412 2130 1458 saltem
2146 1417 2276 1458 ratio-

1294 1479 1347 1522 ric
1361 1477 1608 1535 respondere
1621 1504 1635 1526 ‚
1667 1474 1787 1531 plane
1804 1472 2056 1517 confidentes
2087 1471 2174 1516 fore
2187 1502 2201 1526 ,
2233 1484 2280 1516 ut

1294 1538 1512 1581 validiores
1543 1548 1704 1591 quoquc
1733 1533 1827 1575 hinc
1858 1531 2031 1576 stimulos
2059 1534 2195 1588 capias
2229 1532 2277 1575 ad

1291 1595 1512 1653 presidium
1526 1603 1642 1637 tuum
1657 1590 1850 1648 predictis
1863 1591 2119 1634 Miffionariis
2133 1592 2174 1632 ἁ
2194 1592 2279 1633 Ca-

1290 1654 1453 1699 tholicis
1469 1650 1662 1696 indefessa
1681 1649 1900 1693 conflantia
1917 1650 2174 1707 prestandum
2187 1675 2197 1687 .
2230 1650 2280 1691 In

1291 1729 1408 1771 quem
1432 1711 1598 1767 scopum
1613 1707 1797 1754 conferre
1825 1723 1918 1753 cum
1937 1709 2156 1765 plurimum
2173 1705 2277 1764 posse

1292 1785 1401 1816 tuam
1427 1784 1519 1814 cum
1537 1771 1648 1826 Rege
1661 1768 1844 1823 Georgia
1860 1767 2120 1812 concordiam
2145 1766 2280 1810 existi·

1292 1844 1448 1876 memus
1463 1858 1478 1881 ,
1505 1842 1591 1872 rem
1614 1828 1757 1884 utiquc
1770 1828 1900 1870 Nobis
1916 1826 2108 1883 majorem
2132 1827 2170 1868 in
2187 1839 2278 1867 mo-

1293 1891 1393 1934 dum
1406 1897 1613 1944 acceptam
1629 1885 1830 1937 effeceris,
1844 1886 1911 1928 ubi
1925 1884 2092 1927 candem
2107 1898 2281 1928 concor-

1295 1948 1407 1992 diam
1418 1945 1655 1990 inconcusse
1670 1947 1827 1986 serrare
1844 1944 2039 1986 studueris
2054 1969 2067 1984 .
2101 1941 2189 1986 Hac
2207 1955 2279 1983 au-

1296 2017 1377 2051 tem
1403 2005 1467 2061 spe
1482 2005 1594 2054 steri,
1611 2000 1860 2046 indefinitam
1885 2005 1962 2058 qua
1987 2001 2249 2058 spiritualium
2263 2028 2276 2050 ‚

1292 2068 1369 2121 qui
1385 2062 1664 2118 temporalium
1678 2064 1875 2106 bonorum
1890 2062 2045 2115 copiam
2060 2058 2082 2103 ἓ
2096 2059 2281 2116 supremo

1291 2137 1429 2165 eorum
1445 2122 1637 2176 largitore
1654 2123 1743 2163 Deo
1755 2118 1969 2163 Nobilitati
1988 2120 2082 2161 Tuae
2099 2118 2277 2174 impense

1291 2192 1502 2236 precamur
1515 2207 1530 2230 ‚
1543 2193 1590 2221 ac
1603 2177 1873 2234 Apostolicam
1887 2176 2209 2220 Benedie'tionem
2224 2174 2280 2220 ef-

1291 2234 1378 2282 fuse
1389 2250 1482 2280 cum
1499 2237 1654 2292 paterni
1668 2235 1801 2279 cordis
1813 2234 1956 2278 affeetu
1969 2235 2222 2290 impertimur
2234 2266 2246 2277 .

1410 2297 1558 2338 Datum
1589 2296 1727 2338 Romae
1752 2294 1827 2336 διε.
1858 2294 1926 2336 die
1950 2307 1995 2335 νι
2012 2307 2044 2336 ι.
2074 2294 2276 2338 Februarii

1296 2369 1506 2400 uocxcu.
1524 2350 1787 2398 pontificatus
1802 2352 1925 2396 nostri
1938 2356 2056 2396 Anno
2065 2353 2252 2396 Secundo
2265 2382 2277 2393 .

1350 2414 1523 2470 Eue-pt.
1536 2416 1582 2454 tn
1596 2412 1912 2470 arrogemord.
1928 2415 2119 2457 Armeno
2131 2409 2277 2455 Missio

1410 2472 1599 2530 Georgia
1614 2501 1628 2516 .

1295 2662 1535 2727 TA.

339 2811 514 2854 Unetum
531 2809 606 2879 fuit
622 2813 844 2860 Pontificiis
862 2817 966 2862 hisce
987 2819 1134 2865 litteris
1148 2835 1290 2866 munus
1305 2822 1538 2866 devotionis
1553 2835 1629 2878 pro
1642 2819 1830 2875 Principe
1842 2847 1856 2872 ‚
1886 2819 2100 2863 consistens
2116 2820 2154 2864 in
2167 2823 2272 2864 Cru-

353 2881 399 2909 ce
413 2881 532 2911 aurea
547 2897 562 2920 ‚
594 2885 633 2913 in
648 2886 727 2927 qua
741 2876 875 2919 rubini
906 2876 1043 2922 inserti
1056 2878 1262 2936 fulgebant
1276 2910 1292 2936 ‚
1323 2895 1451 2925 aureae
1467 2892 1618 2926 catenae
1648 2877 1846 2936 appensi:
1875 2879 1913 2920 in
1927 2881 2057 2923 tribus
2083 2881 2274 2932 coronis,

307 2939 483 2993 ‘quarum
499 2926 585 2969 duae
607 2943 658 2972 ex
673 2930 806 2976 lazulo
820 2963 834 2986 ,
863 2937 1039 2980 &tertia
1063 2953 1110 2982 ex
1125 2941 1266 2984 achate
1290 2939 1476 2984 confenae
1489 2950 1607 2984 erant
1620 2969 1635 2991 ,
1666 2937 1836 2995 appenso
1849 2939 2017 2981 cuilibet
2046 2952 2182 2982 earum
2197 2954 2273 2980 nu-

262 2983 439 3026 mismate
452 2998 599 3028 aureo:
628 2990 724 3032 &in
738 2991 894 3037 duobus
921 2995 1006 3038 aliis
1021 2998 1346 3051 numismatibus,
1376 3013 1499 3042 aureo
1528 3013 1604 3042 uno
1618 3025 1633 3049 ‚
1658 2998 1698 3039 δι
1711 3008 1906 3054 argenteo
1919 2997 2076 3051 altero,
2090 2999 2154 3040 cui
2168 2999 2274 3040 utri-

259 3057 337 3100 que
351 3041 530 3096 impressa
549 3042 681 3089 fuerat
696 3052 848 3094 Summi
864 3054 1069 3098 Pontificis
1087 3056 1238 3113 effigies
1252 3088 1264 3100 .

377 3103 590 3170 Quantum
605 3105 745 3175 dignus
760 3111 973 3157 Pontificio
986 3117 1189 3168 encomio,
1207 3119 1246 3160 δι
1262 3117 1372 3160 dono
1387 3115 1462 3160 fuit
1478 3115 1585 3161 zelus
1596 3143 1610 3166 ‚
1623 3129 1705 3171 quo
1723 3116 1911 3171 Princeps
1929 3116 2133 3158 Barzimus
2148 3116 2188 3158 in
2207 3126 2273 3158 tu-
2307 3162 2315 3171 ⁸

261 3159 391 3203 multu
407 3163 427 3201 a
443 3161 712 3228 §chismaticis
726 3170 902 3214 excitato
917 3172 1206 3226 Miffiouarios,
1233 3176 1476 3219 Catholicos
1487 3201 1501 3223 a
1532 3189 1577 3217 ac
1592 3173 1687 3217 fidei
1702 3178 1858 3228 caulam
1869 3172 2054 3218 defendit
2066 3204 2084 3226 ,
2116 3175 2272 3219 tantum

260 3232 396 3261 rarum
417 3220 574 3288 videtur
588 3219 681 3266 fidei
697 3225 936 3279 profeffionis
956 3231 1005 3273 ab
1019 3233 1103 3287 ipso
1117 3234 1158 3276 in
1176 3236 1352 3277 manibus
1368 3231 1593 3278 P-Praefeeti
1621 3233 1760 3276 emiss'ae
1776 3233 1983 3288 exemplar
1998 3261 2012 3284 ,
2041 3233 2091 3274 ad
2107 3235 2270 3276 Sacram

260 3279 635 3346 Congregationem
649 3282 700 3325 de
713 3285 976 3342 Propaganda
991 3288 1091 3335 Fide
1102 3291 1363 3336 transmissum
1374 3322 1390 3347 ‚
1417 3294 1455 3335 in
1472 3292 1677 3347 duplicata
1696 3292 1821 3335 forma
1835 3291 2077 3345 expressum.
2111 3293 2273 3333 Utram-

260 3348 339 3392 que
356 3334 573 3408 subjungo3
601 3351 722 3408 prout
740 3343 780 3385 in
794 3344 907 3387 sacro
922 3346 1035 3390 dietae
1051 3352 1392 3408 Congregationis
1407 3350 1584 3394 conseffu
1613 3352 1678 3393 die
1694 3364 1763 3394 20.
1782 3350 2025 3391 Novembris
2045 3349 2165 3403 1690.
2194 3346 2270 3390 suit

261 3394 413 3451 relata,
442 3397 482 3439 &
505 3399 758 3456 originaliter
780 3404 820 3444 in
843 3405 1018 3457 Regesto
1041 3405 1216 3464 ejusdem
1240 3413 1368 3454 Sacrae
1395 3410 1740 3467 Congregationis
1763 3406 1939 3464 ejusdem
1963 3408 2055 3450 amu·
2077 3420 2182 3449 num·
2204 3408 2269 3449 16·

264 3452 462 3507 reperitur
475 3484 489 3498 .

623 3568 805 3621 Pasiam·
822 3570 1038 3622 Pastorum
1051 3607 1068 3631 ,
1103 3575 1158 3623 ὁ*
1178 3571 1302 3624 Patri
1320 3576 1495 3627 Parrum
1509 3610 1525 3633 ,
1561 3573 1795 3624 Innocentio
1811 3570 1908 3623 XI.

342 3749 349 3759 Ι
379 3690 468 3758 {leo
480 3696 721 3754 memoriast!
733 3713 862 3742 coram
873 3701 1053 3751 Domino,
1071 3701 1120 3749 θ’
1136 3699 1308 3758 Principe
1319 3704 1490 3745 omnium
1507 3701 1834 3757 Christianorum,
1845 3701 2126 3756 Propitiotors'o
2133 3708 2265 3758 gregis

268 3754 419 3801 opttmt,
441 3755 504 3792 cui
518 3754 602 3806 lupi
613 3764 769 3810 rapaces
782 3772 857 3802 non
867 3759 1022 3817 poffimt
1037 3765 1280 3815 appropiare.
1297 3763 1484 3816 Principe
1498 3760 1661 3814 inquam
1677 3762 1768 3818 legis
1787 3761 1841 3809 ὠ·
1853 3765 2091 3804 ceremonia
2106 3760 2267 3817 Christi}

387 3811 488 3850 Tom.
502 3814 580 3855 Vll.

1454 3821 1492 3860 H
1526 3819 1552 3860 h
2125 3820 2194 3875 qui
