2496 4172
988 150 1435 266 Apofi‘olica
1461 215 1478 233 .

230 299 410 355 signanda
426 298 530 342 infra
543 304 723 344 oetavam
738 331 752 355 ‚
766 299 947 355 exceptis
975 297 1118 341 diebus
1134 298 1207 339 Fe-

233 360 441 410 stivitatis,
470 361 510 402 δι
534 360 646 410 aliis,
673 362 711 404 in
727 360 866 419 quibus
893 355 936 400 fit
955 355 1206 403 Processioa

233 419 417 463 Patribus
430 419 746 464 Observantibus
760 446 772 459 .

291 479 357 522 Ad
387 479 441 521 11.
458 478 729 531 Affirmative,
758 478 799 520 δι
822 476 992 532 amplius
1018 477 1058 519 in
1075 475 1205 517 omni·

234 539 307 581 bus
322 550 336 580 ε
353 539 402 578 Et
414 539 470 581 ita
483 537 705 581 declaravit
717 565 732 590 ‚
754 549 800 579 ac
820 532 967 579 servari
981 534 1202 579 mandavit.

241 599 320 641 Die
336 596 511 650 26.1unii
534 606 657 648 ¹75¹·

293 715 456 768 Exempl.
463 717 505 757 in
524 711 643 757 Arcb.
656 681 799 756 Gener.
816 712 910 757 ord.
929 712 1206 755 Arma-Pro·

353 773 481 816 vincia
507 770 802 828 Neapolitana.

233 1013 423 1062 Donum
443 1006 666 1058 librorum
684 1043 700 1066 ,
731 1008 758 1056 a
785 1011 860 1059 Fr.
891 1008 1037 1057 Felice
1061 1005 1209 1055 Maria

303 1080 332 1128 a
353 1079 586 1145 Neapoli,
619 1076 829 1137 missum,
863 1076 978 1129 ficut
1006 1075 1051 1127 ἃ
1085 1076 1210 1126 dedi-

306 1153 531 1199 cationem
549 1148 734 1199 alterius
749 1152 896 1216 operis
915 1147 1108 1200 Nomini
1127 1144 1209 1197 suo

308 1217 579 1278 faciendam,
593 1221 868 1291 regratiatur
885 1254 899 1270 .

233 1347 290 1394 A’
306 1356 423 1402 tergo
434 1373 447 1387 .
481 1346 766 1450 Dileffgilioi,
773 1347 972 1394 Fufi-liei·
985 1345 1012 1389 Β
1028 1344 1209 1400 Neapoli,

669 1417 747 1463 pac
764 1420 813 1451 uo
826 1435 839 1450 .

235 1524 754 1580 BENEDICTUS
805 1525 1003 1574 PAPA
1043 1522 1207 1574 XIV.

320 1648 479 1692 Ducere
495 1651 581 1695 Fae·
591 1650 769 1706 salutm
797 1649 852 1699 ὰ
870 1647 1122 1706 Apssolr'cau

549 1706 852 1753 neaeman-em
863 1736 876 1750 .

338 1826 394 1868 Er
422 1837 562 1867 manua
591 1824 794 1869 Advocati
825 1824 956 1868 Mauri
986 1822 1208 1879 recepimus

352 1881 562 1938 epistolam
575 1881 645 1927 sub
666 1897 729 1928 io·
746 1885 884 1926 meniis
901 1886 1100 1926 Novemb.
1113 1895 1189 1936 pro

233 1943 346 1987 xime
359 1939 480 1997 elapsi
495 1966 511 1991 ,
538 1940 785 1997 eonjunetim
809 1956 902 1985 cum
914 1954 1063 1985 novem
1089 1939 1209 1982 tomis

233 2014 369 2058 opere
382 2000 512 2102 iia-lire
523 2000 1040 2104 ὲὶιάιὲὴυωῖοἰῑεῦῐῖοδίς
1064 2001 1102 2041 in
1133 2000 1209 2041 do-

235 2073 333 2103 num
346 2073 397 2102 mi
431 2072 492 2102 is.
645 2073 747 2103 imus
797 2070 849 2104 at.
906 2073 929 2102 e
964 2073 1015 2103 rc
1061 2071 1111 2100 ro
1124 2072 1204 2100 am-

222 2119 306 2175 -plo
319 2118 432 2161 dono
445 2116 644 2161 distinetaa
665 2120 837 2176 gratias,
861 2120 902 2162 δι
926 2072 1082 2160 eaiddin
1105 2131 1208 2173 quo·

235 2190 316 2234 que
332 2177 503 2220 reddere
514 2175 704 2221 debemus
718 2206 734 2230 ,
747 2177 859 2222 sicuti
874 2176 1079 2221 reddimus
1094 2202 1110 2226 ,
1135 2189 1209 2230 pro

233 2235 494 2278 dedicatione
506 2263 524 2287 ,
552 2249 673 2292 quani
689 2236 742 2280 de
763 2236 843 2282 alio
858 2234 931 2280 suo
942 2248 1067 2290 opere
1082 2235 1208 2277 Nobis

234 2289 371 2334 facere
390 2293 570 2335 intendit
585 2321 600 2343 ‚
628 2308 677 2337 ac
701 2300 726 2338 a
741 2294 867 2337 Coelo
880 2308 1045 2338 omnem
1062 2292 1210 2336 illam-a

233 2350 379 2392 meritis
394 2348 684 2402 serenitatem,
712 2348 790 2405 qud
819 2364 895 2405 pro
925 2351 1018 2392 sano
1046 2348 1116 2392 suo
1130 2352 1204 2393 flu·

230 2407 300 2450 dio
323 2405 362 2450 se
393 2406 571 2464 indigere
595 2419 794 2453 memorat
820 2434 834 2456 ,
859 2410 895 2452 ei
917 2421 1180 2464 apprecamur
1196 2438 1209 2451 .

230 2466 400 2511 Interim
428 2467 559 2508 eidem
589 2466 862 2523 Apostolicam
890 2467 1206 2512 Benediaionem

236 2522 518 2581 impertimur.
1004 2573 1015 2579 ὴ

356 2583 506 2623 Datum
534 2581 671 2625 Roma
701 2580 806 2637 apud
834 2584 1016 2626 Saneam
1043 2584 1211 2626 Mariam

237 2637 435 2693 Maiorem
462 2637 530 2680 sub
546 2638 708 2683 Annulo
724 2639 934 2684 Piscatoris
962 2641 1028 2684 die
1057 2655 1118 2684 ιν.
1135 2644 1209 2686 Fe-

236 2699 385 2742 bruarii
414 2711 612 2743 annectit.
643 2696 909 2745 pontificatus
939 2699 1060 2744 nostri
1087 2702 1211 2745 Anno

239 2757 522 2802 Duodecim.

295 2875 469 2927 ammpl-
496 2874 541 2918 ἐκ
568 2872 688 2920 Areb.
719 2877 816 2920 ord.
844 2878 960 2921 Arm.
993 2876 1209 2924 Provincia

353 2933 623 2991 Neapolitana
636 2960 648 2974 .

483 3180 721 3234 Pro-vincia
739 3182 930 3235 Lucaeaiae
947 3220 960 3236 .

241 3308 473 3364 Fratribus
495 3327 662 3362 novam
692 3316 899 3366 Domum
927 3313 954 3362 a
983 3317 1208 3371 Commu·

304 3385 446 3432 nitate
481 3382 777 3443 Tricaricenfi
810 3383 1005 3435 construi
1033 3401 1208 3455 ceptam

309 3454 553 3520 recipiendi
575 3491 591 3512 ‚
613 3451 901 3522 poffessior‘ies
928 3459 1092 3506 veteris
1121 3463 1210 3509 Do-

309 3521 411 3572 msss
427 3541 533 3574 cum
549 3525 690 3574 hortis
705 3561 720 3582 ,
746 3529 883 3592 pratis
909 3524 999 3576 ὅτε.
1021 3529 1212 3578 alienan-

309 3592 391 3650 di,
421 3597 616 3662 pretium
634 3597 735 3645 inde
755 3596 983 3646 redatstum
1015 3600 1058 3646 in
1077 3595 1209 3649 fabri·

310 3681 410 3712 cam
428 3681 596 3714 novam
612 3701 627 3724 ,
657 3665 854 3734 aliosque
872 3672 1085 3718 Fratrum
1105 3667 1209 3721 usus

308 3735 600 3786 convertendi
614 3734 841 3787 licentiam
859 3743 1140 3808 impertitur,
1157 3758 1210 3792 ac

1338 293 1509 344 statuto
1527 294 1790 359 municipali
1806 298 1862 344 de
1878 317 1965 349 non
1977 194 2240 358 ’effugien-

1337 365 1407 415 dis
1424 362 1742 416 Conventibus
1760 363 1851 413 διε.
1869 367 2060 440 derogat
2072 410 2085 422 .

1265 514 1520 570 PIUS
1594 512 2242 568 EPISCOPUS

1453 633 1625 678 Saevus
1657 632 1911 676 snavoaum
1946 631 2027 672 Dat
2046 656 2060 670 .

1397 768 1580 810 Onianus
1594 767 1781 811 Pontifex
1795 767 1836 809 in
1854 764 2093 822 Apostolicae
2111 763 2247 818 digni-

1273 770 1382 884 R
1418 828 1510 868 tatis
1529 827 1706 870 culmine
1718 826 1957 870 constitutus
1970 823 2045 872 ,ad
2061 836 2106 864 ea
2123 822 2246 865 liben-

1270 897 1334 928 ter
1348 886 1527 929 intendit
1540 912 1554 934 ‚
1581 899 1651 941 per
1666 900 1752 941 quae
1768 885 2022 940 personarum
2039 882 2218 924 omnium
2234 908 2249 934 ,

1269 944 1486 1001 prasertim
1515 941 1585 987 sub
1600 943 1709 988 suavi
1728 943 1956 999 Religionis
1983 942 2080 997 jugo
2095 939 2246 982 Altiffi·

1270 1017 1338 1046 mo
1354 1001 1648 1052 famulantium,
1662 1001 2038 1048 commoditatibus,
2061 1014 2108 1042 ac
2125 1000 2247 1041 Chri-

1269 1063 1311 1105 sti
1328 1060 1511 1105 fidelium
1525 1062 1802 1117 quorumlibet
1828 1062 1902 1118 piis
1936 1063 2068 1108 votis,
2093 1060 2133 1101 8ι
2158 1057 2245 1100 ani-

1270 1134 1422 1162 marum
1439 1120 1554 1162 saluti
1573 1121 1704 1166 valeat
1720 1118 1935 1165 salubriter
1951 1118 2155 1176 provideri
2172 1146 2184 1168 ‚
2198 1130 2243 1158 ac

1269 1179 1368 1222 alias
1382 1178 1475 1220 desu
1484 1192 1557 1232 per
1566 1179 1756 1236 disponit,
1772 1190 1893 1235 prout
1908 1180 1946 1221 in
1961 1177 2137 1220 Domino
2149 1189 2247 1218 con-

1267 1238 1383 1292 spicit
1408 1235 1627 1280 salubriter
1656 1239 1849 1293 expedire
1876 1266 1889 1278 .
1928 1240 2034 1277 Cum
2077 1236 2240 1290 itaque,

1268 1297 1367 1337 sicut
1379 1295 1516 1337 dilecti
1531 1294 1906 1346 filii,Communitas
1922 1293 2158 1337 &Homines
2172 1292 2246 1334 Ci-

1271 1355 1408 1397 vitatis
1435 1354 1684 1397 Tricaricen·
1701 1355 1830 1397 Nobis
1861 1366 1987 1408 nuper
2012 1351 2161 1403 exponi
2187 1348 2245 1391 se-

1269 1423 1409 1455 cerunt
1425 1438 1440 1461 ‚
1456 1412 1553 1455 licet
1569 1414 1682 1455 annis
1697 1413 1854 1455 dudum
1865 1408 2009 1463 elapfis
2024 1438 2039 1459 ,
2067 1420 2144 1449 una
2163 1409 2247 1448 Do·

1270 1484 1356 1512 mus
1384 1473 1570 1513 Fratrum
1594 1470 1765 1512 Ordinis
1794 1465 2249 1520 MinorumCapucino-

1268 1542 1356 1570 rum
1382 1538 1703 1581 nuncupatorum
1729 1528 1770 1568 in
1802 1526 2016 1570 territorio
2031 1522 2243 1580 ejusdem..

1265 1584 1460 1629 Civitatis
1488 1585 1566 1626 rite
1601 1583 1822 1626 constructa
1860 1583 2008 1635 suerit,
2031 1594 2164 1625 tamen
2191 1581 2246 1624 ob

1268 1642 1354 1698 eius
1370 1645 1529 1685 nimiam
1556 1643 1817 1691 vetustatem,
1850 1643 2061 1684 maximam
2092 1642 2248 1682 ruinam

1269 1704 1445 1746 minetur
1458 1727 1474 1750 ‚
1486 1714 1532 1744 ac
1545 1702 1597 1743 ab
1609 1702 1749 1744 eadem
1764 1701 1946 1745 Civitate
1960 1701 2000 1742 δι
2017 1699 2243 1754 frequentia

1271 1761 1412 1818 populi
1427 1758 1527 1804 adeo
1555 1760 1675 1817 longe
1688 1761 1809 1804 distet
1825 1788 1840 1811 ,
1871 1771 1914 1804 ut
1941 1772 2059 1803 nemo
2084 1757 2245 1802 illarum

1270 1820 1447 1876 partium
1467 1846 1481 1870 ,
1494 1833 1567 1862 nec
1577 1818 1812 1862 devotionis
1829 1828 1897 1861 aut
1913 1817 2163 1863 viiitaiionia
2183 1813 2245 1857 vel

1268 1880 1388 1922 etiam
1403 1878 1667 1921 recreationis
1682 1876 1898 1935 spiritualis
1920 1875 2042 1921 causa
2067 1876 2119 1920 ad
2136 1873 2250 1918 illam

1270 1936 1465 1991 accedat;
1496 1938 1547 1979 Et
1575 1935 1598 1979 fi
1631 1939 1787 1981 Fratres
1806 1934 1957 1980 Dormis
1974 1934 2196 1988 huiusmodi
2227 1932 2251 1973 a

1269 1996 1375 2039 dieta
1396 1999 1557 2047 Domo,
1583 2005 1629 2038 ut
1642 1995 1880 2052 prefertur,
1907 1994 2065 2038 ruinosa
2079 2021 2094 2044 ,
2120 1994 2162 2036 dt
2183 1990 2250 2034 fibi

1269 2055 1437 2097 maxime
1454 2055 1705 2098 incommoda
1728 2055 1778 2096 ad
1807 2054 1982 2111 aliquam
2015 2053 2133 2096 aliam
2161 2051 2249 2092 Do-

1270 2127 1378 2156 mum
1404 2115 1444 2155 &
1471 2112 1686 2154 Ecclesiam
1720 2115 1757 2154 in
1787 2113 1891 2156 dieta
1920 2112 2102 2156 Civitate
2127 2138 2142 2163 ,
2177 2123 2249 2165 per

1268 2170 1432 2214 eosdem
1471 2172 1823 2216 communitatem
1849 2174 1889 2215 δι
1930 2171 2113 2214 homines
2142 2181 2249 2211 cori·

1270 2230 1498 2274 struendam
1512 2228 1856 2281 transferrentur,
1870 2232 1911 2272 δι
1928 2229 2077 2274 eisdem
2098 2227 2251 2272 Fratri·

1270 2290 1343 2333 bus
1362 2290 1538 2331 Domum
1568 2289 1609 2331 δι
1641 2288 1860 2331 Ecclesiam
1893 2288 2117 2342 hujusmodi
2143 2288 2248 2330 reci-

1269 2347 1429 2404 piendi,
1455 2347 1496 2390 Gt
1523 2348 1657 2403 primo
1670 2346 1815 2389 dieiam
1835 2350 2039 2399 Domum,
2065 2361 2110 2389 ac
2141 2345 2249 2388 illius

1269 2406 1722 2461 habitationes,&ipfis
1741 2407 1947 2450 Fratribus
1977 2406 2054 2450 rite
2081 2402 2249 2450 conces-

1268 2464 1328 2509 sas
1354 2462 1603 2522 pofl'effiones
1636 2465 1676 2506 dt
1701 2477 1814 2519 prata
1842 2464 2046 2520 quibusvis
2070 2466 2246 2521 personis

1270 2538 1348 2580 pro
1362 2533 1494 2579 pretio
1508 2522 1570 2566 seu
1591 2524 1729 2576 pretiis
1750 2523 1819 2565 fibi
1837 2524 1939 2567 bene
1968 2524 2054 2565 vilis
2069 2524 2248 2565 renden-

1269 2583 1342 2633 di,
1373 2580 1542 2624 lieentia
1566 2582 1608 2623 dr.
1638 2579 1811 2624 facultas
1842 2582 2165 2628 concederetur,
2194 2593 2244 2621 ex

1270 2642 1348 2683 boe
1365 2638 1551 2693 proseeio
1567 2640 1742 2694 quieti&
1755 2640 2068 2691 commoditati,
2099 2652 2143 2680 ac
2173 2653 2242 2680 eo-

1271 2698 1439 2742 rundem
1453 2697 1769 2740 communitatis
1789 2700 1828 2742 dt
1844 2699 2052 2741 hominum
2082 2698 2149 2754 pio
2175 2697 2248 2738 de·

1270 2758 1416 2800 fiderio
1441 2755 1684 2812 &spirituali
1712 2757 1982 2799 consolationi
2005 2769 2084 2799 non
2115 2755 2248 2798 modi-

1268 2830 1361 2858 cum
1374 2814 1679 2865 consuleretur,
1706 2828 1753 2858 ae
1778 2816 1882 2858 dieta
1902 2817 2081 2866 Domus,
2111 2814 2148 2855 δι
2177 2814 2247 2856 alii

1268 2873 1442 2931 ejusdem
1455 2874 1622 2917 Ordinis
1639 2875 1796 2918 Fratres
1810 2874 1860 2917 ad
1873 2874 1981 2917 illam
1998 2873 2235 2918 accedentes

1269 2935 1417 2977 rectius
1434 2935 1472 2975 in
1490 2932 1555 2975 sua
1569 2932 1788 2976 devotione
1813 2935 1853 2976 δι
1876 2932 2151 2975 observatione
2168 2932 2245 2972 ila-

1270 3002 1452 3035 tutorum
1479 2989 1534 3034 sui
1552 2992 1719 3040 Ordinis
1739 2991 2070 3048 perseverarent,
2100 2991 2141 3032 &
2173 2991 2241 3033 in.1

1273 3051 1584 3095 habitationibus
1607 3050 1830 3107 hujusmodi
1852 3051 2067 3094 maximum
2084 3051 2244 3091 releva·

1274 3123 1362 3154 men
1380 3106 1622 3160 susciperent
1640 3138 1653 3160 ,
1677 3123 1833 3154 necnon
1859 3110 1996 3152 cultus
2018 3109 2185 3153 Divinus
2202 3108 2243 3147 in

1270 3167 1355 3225 ipsa
1372 3168 1546 3212 Ecciena
1562 3168 1831 3212 construenda
1846 3168 2016 3225 amplius
2036 3177 2189 3223 vigeret
2202 3165 2243 3205 &

1270 3238 1502 3284 augeretur3
1517 3230 1659 3287 Qare
1674 3241 1745 3281 pro
1754 3238 1867 3283 parte
1879 3227 2099 3270 eorundem
2114 3229 2243 3266 Com·

1271 3286 1480 3329 munitatis
1505 3288 1545 3329 δι
1573 3287 1775 3330 hominum
1791 3286 1922 3329 Nobis
1947 3283 2019 3326 suit
2037 3283 2243 3326 humiliter

1271 3344 1536 3401 supplicatum
1553 3375 1565 3397 ,
1582 3355 1625 3387 ut
1641 3346 1710 3389 fibi
1728 3349 1903 3388 Domum
1934 3344 1974 3384 &
1995 3341 2214 3384 Ecclefiam
2227 3366 2244 3390 ,

1268 3419 1316 3447 ac
1330 3403 1497 3447 edificia
1513 3403 1590 3459 jam
1605 3404 1805 3459 delignata
1827 3404 1867 3445 δι
1894 3400 2023 3444 forsan
2053 3398 2240 3442 fabricari

1269 3473 1414 3518 cepta,
1443 3465 1480 3504 &
1510 3477 1579 3516 per
1590 3462 1747 3506 eosdem
1760 3460 2071 3507 Univerfitatem
2098 3461 2138 3502 δι
2165 3460 2240 3500 ho-

1271 3522 1396 3564 mines
1407 3518 1637 3563 fabricanda
1649 3523 1689 3564 δι
1701 3519 1964 3562 construenda
1979 3517 2127 3560 eisdem
2145 3518 2239 3561 Fra·

1270 3581 1401 3622 tribus
1426 3578 1709 3628 concedendi,
1734 3592 1780 3620 ac
1811 3578 2011 3620 Fratribus
2039 3576 2127 3631 ipfis
2157 3578 2239 3618 Do·

1268 3652 1377 3680 mum
1405 3638 1445 3678 δι
1474 3637 1688 3680 Ecclefiam
1705 3665 1720 3688 ,
1744 3651 1791 3679 ac
1817 3636 1982 3680 aedificia
2013 3633 2240 3691 hujusmodi

1269 3694 1490 3751 recipiendi
1506 3723 1521 3745 ,
1535 3697 1576 3738 δι
1590 3697 1791 3751 postquam
1815 3699 1971 3739 Domus
1985 3723 2000 3747 ,
2027 3695 2064 3736 δι
2093 3694 2240 3737 Eccle-

1271 3754 1322 3796 sia
1337 3769 1411 3806 ,ae
1425 3753 1592 3797 aedificia
1612 3754 1798 3811 adaptata
1822 3783 1837 3808 ,
1861 3755 1901 3798 δι
1926 3755 1982 3798 eis
2009 3750 2238 3796 conceffa&

2064 3813 2187 3854 dona-
