2508 4218
968 178 1430 298 ·Apollolica
1447 247 1462 263 .

287 332 290 336 ’
334 332 477 379 Tertio
492 362 503 375 .
523 333 577 376 Et
594 342 668 387 pro
681 328 826 383 majori
844 325 1004 370 cautela
1019 325 1195 383 praescri-

221 397 259 443 bi
285 396 431 440 debeat
447 393 487 435 in
503 389 668 438 Litteris
683 383 1029 434 Remifforiaiibus
1045 411 1061 436 2
1085 382 1194 438 quod

222 470 304 501 non
330 453 453 501 solum
478 447 803 504 interrogatoria
822 446 1076 488 retineantur
1089 442 1192 486 sem-

221 529 294 574 per
307 508 440 557 clausa
450 537 466 561 ,
478 510 518 551 8⁶
529 506 696 565 sigillata
705 518 797 548 cum
813 502 949 558 sigillis
962 503 1199 560 eorumdem

219 573 423 634 Judicum,
440 581 519 613 non
534 563 766 623 aperienda,
791 562 858 605 nisi
876 562 915 604 in
932 565 1021 604 astu
1046 560 1199 603 exami-

221 635 279 676 nis
292 659 307 683 ,
329 631 368 673 &
382 624 661 671 claudendain
679 621 758 665 fine
771 650 786 675 ,
809 621 876 664 sed
892 620 1056 664 ulterius
1073 621 1200 675 depo-

221 692 379 735 sitiones
393 686 480 744 ipsae
494 715 509 739 ,
531 689 747 740 antequam
763 677 971 726 Processus
987 678 1031 720 lit
1045 677 1200 721 absolu·

220 761 283 794 tus
301 778 315 802 ,
337 750 375 793 in
392 745 469 792 sine
490 741 701 798 cujuslibet
725 738 893 782 sessionis
910 737 1075 789 claudi,
1097 738 1138 778 δι
1153 735 1198 779 si-

221 808 333 865 g'nari
347 806 519 852 debeant
534 797 793 855 cum-sigillis
803 796 1007 855 judicum,
1022 810 1096 840 nec
1112 791 1201 863 pos·

219 867 294 913 sint
306 863 474 922 aperiri,
486 858 552 902 uili
569 860 608 901 in
622 856 828 914 prasentia
842 856 1019 909 ipsorum
1037 856 1075 897 in
1094 867 1206 908 prin-w

218 926 328 981 cipio
338 920 550 978 cujuslibet
562 917 754 960 examinis
774 918 816 960 dt
846 911 1020 958 seliionis
1034 926 1050 968 3
1064 927 1110 955 ac
1125 914 1199 958 hu·

214 982 386 1052 jusmodi
414 978 629 1077 ⁶51²}teae
662 974 750 1044 fieri
775 975 944 1041 debeant
971 974 1093 1039 etiam
1125 972 1196 1016 iri-i

214 1037 460 1094 Procesiibus
489 1035 720 1078 abricandis
739 1049 778 1077 in
793 1037 947 1077 Curia.
981 1032 1110 1077 iidem
1126 1033 1198 1087 Ju-

217 1098 357 1150 dices,
383 1104 502 1153 prout
516 1094 639 1139 etiam
655 1094 1045 1144 Sub-Promotores‚
1060 1092 1100 1132 8ι
1116 1093 1201 1132 Νο-
1238 1112 1240 1117 ,

217 1156 337 1207 tarsi,
367 1166 450 1199 tam
466 1153 702 1210 inpartibus
718 1180 733 1202 a
759 1154 879 1208 quam
900 1151 942 1193 in
969 1150 1122 1203 Curia,
1149 1162 1196 1190 ac

217 1214 386 1266 Testes,
406 1217 442 1257 8(
473 1213 514 1255 in
547 1213 677 1256 Curia
704 1212 828 1254 etiam
859 1208 1202 1259 protonotarius,

216 1275 389 1318 debeant
406 1283 497 1316 ante
519 1270 815 1315 inchoationem
833 1263 1085 1315 Proceffuum
1100 1279 1197 1323 prae·

216 1334 319 1379 stare
345 1331 614 1388 juramentum
629 1329 681 1371 de
696 1325 895 1371 servando
910 1325 1108 1368 secretum
1129 1337 1194 1367 re-

213 1390 357 1447 ligiose
374 1417 388 1442 ,
419 1387 487 1430 sub
517 1400 635 1442 poena
659 1383 1088 1429 excommunicationis
1108 1382 1192 1438 ipso

211 1447 317 1503 fido
345 1445 385 1490 iii
411 1444 500 1488 casu
525 1444 874 1488 conti-aventionis
906 1441 1155 1487 incurrendae
1176 1467 1192 1492 ‚

212 1505 324 1568 juxta
353 1501 567 1548 formulam
595 1503 771 1558 ejusdem
810 1502 1027 1560 juramenti
1054 1499 1196 1556 impri-

213 1564 404 1612 mendam
421 1564 460 1607 in
476 1561 554 1606 sine
578 1565 873 1609 Decretorum‚
901 1562 941 1603 &
966 1574 1041 1616 pro
1062 1557 1196 1602 omni-

214 1625 337 1669 moda
352 1622 607 1666 observantia
621 1650 636 1674 ‚
665 1617 1020 1664 transmittendam
1037 1618 1196 1675 Judiei·

214 1684 287 1730 bus
303 1682 502 1739 delegatis
529 1680 567 1724 in
594 1679 682 1736 ipsis
711 1680 877 1724 Litteris
907 1675 1193 1723 Remili'oriali·

214 1743 319 1797 bus,
342 1743 380 1787 δι
399 1741 818 1786 δυὺ-Ρτοιιιοεοήδαι
842 1738 881 1780 in
899 1739 1067 1782 Litteris
1090 1739 1194 1782 Pro·

219 1802 388 1847 mutoris
401 1830 415 1845 e
714 1811 716 1814 v

235 1862 244 1889 ἰ
271 1865 273 1867 ’
329 1859 493 1923 Qartb
510 1885 523 1899 .
563 1857 830 1902 considerans
859 1870 1019 1916 quoque
1046 1858 1198 1899 Sacra...

220 1917 517 1976 congregatio,
527 1916 633 1973 quod
651 1917 772 1971 princi
782 1917 872 1972 pale
885 1916 1197 1960 fiindamenrum

221 1977 410 2023 instantis
438 1973 812 2025 Beatilieationum,
837 1978 874 2021 δι
902 1974 1196 2019 Canonizatio-

218 2049 315 2080 num
333 2032 518 2077 constitui
532 2031 651 2078 debet
668 2033 706 2074 ln
719 2031 830 2074 fideli
861 2030 1197 2085 interpretatione

220 2091 478 2138 Proeeisuum
503 2101 643 2133 extero
668 2088 863 2135 idiomate
891 2087 1197 2138 confectorum,

217 2153 254 2196 &
279 2151 387 2208 quod
403 2179 416 2202 ,
449 2149 548 2193 licet
571 2161 621 2192 ex
646 2148 835 2191 laudabili
851 2146 1101 2192 observantia
1129 2147 1196 2185 in·

219 2222 371 2267 terpres
387 2209 537 2264 semper
555 2204 677 2254 fuerit
693 2207 838 2248 electus
853 2206 903 2245 ab
928 2201 1194 2248 Eminentissi·

216 2283 286 2313 mo
312 2271 516 2312 Ponet-te,
539 2264 697 2311 citato,
724 2261 764 2303 δι
785 2262 925 2304 audito
953 2263 1004 2302 R.
1023 2261 1064 2302 P.
1083 2258 1192 2303 Fidei

211 2329 480 2373 Promotum,
513 2319 777 2365 nihilominus
794 2317 907 2374 super
923 2320 998 2364 hoe
1019 2320 1191 2364 Decreta

210 2380 414 2441 generalia
429 2376 528 2422 nihil
542 2378 785 2433 disponunt3
811 2378 968 2422 ideirco
983 2376 1165 2420 decrevit
1177 2403 1192 2427 ,

208 2440 320 2499 quod
338 2437 581 2495 inposterum
607 2436 644 2478 in
666 2437 841 2493 qualibet
856 2436 971 2480 causa
988 2438 1193 2488 Interptes

208 2500 384 2556 eligatur
398 2497 449 2546 ab
467 2494 782 2541 Eminentisiimo
795 2495 1009 2541 Cardinali
1032 2498 1191 2538 Ponen-

209 2567 279 2607 te,
303 2557 456 2606 citato,
481 2553 676 2601 &audito
697 2557 744 2598 R.
764 2558 809 2603 Ρ.
829 2556 944 2602 Fidei
974 2558 1191 2601 Promoto-

210 2632 260 2664 τε
275 2644 289 2668 ‚
314 2618 354 2662 δι
370 2630 448 2673 pro
474 2613 616 2672 majori
635 2613 792 2657 cautela
807 2644 822 2666 ,
848 2614 1049 2672 postquam
1063 2614 1190 2655 inter·

159 2714 161 2716 .
209 2677 386 2735 pretatio
414 2673 535 2718 fuerit
563 2672 663 2715 faeta
681 2701 696 2725 ,
721 2673 958 2718 revideatur
984 2672 1030 2714 ab
1055 2671 1194 2727 aliquo

195 2735 317 2779 *Viro
333 2735 492 2791 probo,
520 2733 561 2774 δι
588 2732 744 2788 perito,
769 2732 838 2787 qui
864 2730 1016 2774 secrete
1034 2727 1086 2771 ad
1113 2731 1191 2772 hoe

209 2792 386 2847 officium
399 2791 615 2841 assumatur
631 2791 682 2834 ab
698 2792 844 2834 eodem
871 2786 1192 2836 Eminentisiimo

211 2855 397 2896 Ponente
412 2879 425 2900 ‚
444 2852 484 2893 δι
497 2876 512 2900 ,
538 2848 562 2892 si
580 2850 804 2905 reperiatur
817 2849 958 2905 aliquis
973 2860 1087 2894 error
1104 2846 1191 2889 sub-

209 2910 403 2958 stantialis
417 2936 432 2959 ‚
451 2912 658 2966 interpres
672 2907 807 2952 severe
822 2909 1010 2965 puniatur
1023 2906 1189 2949 arbitrio

211 2972 300 3014 Sac.
317 2966 684 3023 Congregationis:
714 2981 783 3027 per
810 2980 931 3024 quem
950 2963 1189 3014 Eminentis·

208 3027 348 3071 simum
367 3024 516 3074 deferri
531 3024 675 3069 debeat
693 3035 775 3072 tam
791 3024 1010 3080 interpreti
1026 3053 1041 3077 ,
1067 3024 1187 3080 quam

210 3085 398 3130 Revisori
415 3083 684 3142 juramentum
699 3085 752 3129 de
765 3082 940 3131 fideliter
954 3084 1021 3128 sibi
1046 3095 1188 3126 munus

209 3142 455 3194 commissum
480 3143 774 3200 adimplend03
805 3144 947 3203 quibus
971 3143 1092 3186 etiam
1118 3154 1188 3182 ea·

209 3204 304 3247 dem
319 3207 436 3250 sacra
449 3204 727 3260 congregatio
739 3201 944 3259 assignavit
960 3199 1186 3245 mercedem

206 3277 283 3320 pro
297 3261 372 3303 suis
394 3261 597 3309 laboribus
610 3290 626 3313 ,
651 3275 794 3317 nempe
808 3262 1046 3307 carolenum
1062 3272 1186 3306 unum

209 3335 285 3378 pro
298 3319 479 3378 quolibet
496 3317 598 3368 folio
618 3321 782 3364 reduEio
797 3348 813 3370 s
836 3322 894 3362 ita
920 3329 964 3362 ut
990 3318 1114 3361 facies
1139 3316 1186 3366 fit

209 3380 403 3425 linearum
422 3395 490 3433 24.
504 3405 518 3428 ,
544 3377 702 3425 &linea
719 3378 962 3433 syllabarum
984 3378 1048 3420 16.

324 3439 511 3494 Quinto.
545 3436 773 3480 Advertens
802 3438 947 3484 etiam,
979 3435 1099 3491 quim
1113 3449 1184 3478 ne-

211 3496 369 3541 cetiaria
383 3497 429 3541 sit
448 3496 618 3553 diligens
632 3495 812 3543 custodia
833 3493 1084 3541 Proceffuum
1100 3495 1181 3536 ori·

215 3555 431 3610 ginalium,
459 3556 672 3605 decrevit,
701 3553 810 3611 quod
826 3554 879 3605 ii,
901 3552 1008 3601 sicuti
1021 3554 1185 3596 etiam...

214 3614 567 3668 interpretationes
582 3613 797 3672 originales
816 3613 994 3660 illorum,
1009 3611 1078 3667 qui
1094 3609 1182 3653 sunt

214 3684 356 3714 extero
379 3673 565 3721 idiomate
588 3673 761 3717 confecti
776 3702 790 3722 ‚
815 3671 984 3716 retineri
1009 3671 1182 3713 debeant

1257 341 1308 373 no
1324 327 1362 368 in
1383 326 1476 367 loco
1493 323 1660 375 clauso,
1691 327 1919 382 &separato
1944 336 2005 375 ab-
2020 341 2105 381 aliis
2133 346 2236 388 scria

1256 387 1381 442 pturis
1399 414 1412 434 ‚
1438 396 1510 425 nec
1539 381 1680 437 poflint
1695 388 1902 435 amoveri,
1933 394 2000 431 nisi
2025 397 2075 435 de
2090 402 2234 444 ordine

1258 440 1559 489 Eminentiffimi
1591 442 1820 483 Cardinalis
1850 446 2036 488 Ponentis
2055 477 2068 499 ,
2097 457 2160 495 vel·
2185 459 2237 501 ad

1257 506 1295 547 in
1303 504 1483 546 stantiam
1498 500 1544 541 R.
1554 502 1655 543 RD.
1676 501 1948 554 Promotum,
1961 506 2010 545 ad
2024 507 2240 556 effectum„

1260 560 1449 608 videndi,
1469 570 1668 614 quatenus
1684 573 1784 613 opus
1800 562 1862 612 sit,
1879 563 1913 601 &
1935 563 2083 606 deinde
2098 580 2239 620 repor-

1259 619 1402 673 tandi;
1428 618 1538 674 cujus
1563 618 1730 660 Archivi
1747 618 1833 660 duae
1852 619 2075 664 lintclaves
2091 649 2105 670 ‚
2133 638 2240 670 una...

1261 691 1381 736 penes
1401 678 1729 720 protonotarium
1743 677 2019 733 apostolicum
2038 707 2051 730 ,
2081 684 2146 736 qui
2167 699 2245 737 pro

1262 749 1445 791 tempore
1461 736 1723 780 intervenerit
1740 740 1870 779 bacrae
1898 741 2241 794 congregationi,

1259 796 1436 840 &altera
1453 807 1572 850 penes
1587 797 1861 838 Secretarium
1873 823 1888 847 ,
1921 797 1962 838 δε
1991 796 2119 841 clavis
2134 799 2239 851 loci,

1260 857 1300 901 in
1316 868 1396 911 quo
1415 853 1698 896 custodiuntur
1713 854 1808 896 dieii
1826 854 2031 899 processus
2044 884 2059 905 ,
2084 856 2157 898 siet
2171 872 2242 912 pe-

1259 929 1328 975 pes
1352 913 1525 956 eundem
1554 913 1885 956 Protonotarium
1900 939 1914 962 ‚
1938 914 2105 957 alterius
2124 918 2238 965 vero,

1259 977 1300 1019 in
1319 987 1400 1030 quo
1428 972 1657 1014 retinentur
1690 971 1776 1014 aliae
1800 975 2000 1030 scriptura
2026 978 2115 1021 sac.
2130 977 2243 1018 Con·

1258 1032 1505 1093 gregationis
1519 1059 1535 1082 ,
1550 1046 1666 1086 penes
1682 1034 1955 1076 secretarium
1966 1063 1979 1077 .

1377 1090 1501 1134 Sexto
1514 1119 1526 1133 .
1540 1090 1733 1147 idemque
1763 1089 2074 1135 protonotarius
2100 1105 2240 1135 curam

1258 1150 1405 1195 habeat
1436 1149 1650 1193 revidendi
1690 1150 1968 1194 inventarium
1998 1150 2242 1194 diciorum.»

1260 1206 1511 1252 processuum
1530 1235 1544 1257 ‚
1559 1209 1599 1249 δι
1615 1218 1840 1264 ‚quatenus
1868 1223 1947 1253 non
1974 1206 2067 1251 esset
2088 1238 2102 1260 ,
2131 1208 2236 1251 illud

1256 1267 1479 1322 diligenter
1495 1263 1585 1308 fieri
1609 1265 1774 1309 mandet
1789 1281 1882 1308 cum
1898 1276 2077 1318 quatuor
2091 1268 2237 1322 copiis,

1255 1338 1423 1382 quarum
1450 1338 1526 1365 una
1556 1323 1626 1367 siet
1641 1337 1766 1380 penes
1798 1326 1969 1368 eundem
1988 1327 2237 1370 protonota-

1252 1386 1354 1433 rium
1370 1412 1385 1435 ,
1409 1381 1533 1425 altera
1552 1397 1668 1436 penes
1693 1387 1982 1429 promotorem
1997 1413 2013 1436 ,
2026 1385 2156 1428 altera
2175 1399 2243 1440 pe·-

1255 1458 1325 1493 nes
1339 1443 1613 1486 Secrenrium
1631 1468 1646 1491 ‚
1659 1443 1696 1484 &
1711 1455 1852 1499 quarta
1866 1445 1907 1487 in
1926 1444 2074 1486 eodem
2089 1443 2238 1487 Archi-

1257 1516 1308 1547 vo
1331 1514 1349 1556 ζ,
1384 1502 1423 1542 &
1451 1502 1488 1542 in
1515 1499 1595 1543 fine
1620 1504 1712 1543 anni
1733 1501 1858 1545 iidem
1900 1503 2240 1552 protonotarius,

1259 1566 1506 1608 Promotus,
1536 1562 1575 1602 δι
1594 1560 1843 1604 Secreiarius
1865 1562 2047 1605 revidere
2063 1562 2239 1604 debeant

1254 1622 1407 1664 dictum
1426 1619 1731 1670 inventarium,
1757 1619 1995 1664 &conferre
2024 1635 2116 1665 cum
2135 1622 2238 1663 Pro-

1254 1678 1420 1726 cestibus
1434 1705 1449 1728 ,
1463 1677 1513 1719 ad
1528 1677 1713 1720 essedum
1729 1678 2039 1736 recognoscendi
2054 1708 2070 1731 ,
2096 1693 2145 1722 an
2161 1678 2238 1722 ali-

1254 1738 1350 1795 quid
1365 1735 1531 1779 deficiat
1549 1766 1564 1787 ,
1588 1736 1627 1777 &
1640 1738 1807 1781 curandi
1827 1767 1843 1789 ,
1873 1749 1917 1781 ut
1945 1748 2210 1792 reportentur
2224 1767 2242 1791 ,

1253 1800 1293 1840 δι
1308 1797 1556 1842 Secretarius
1573 1794 1774 1840 reseratio
1787 1798 1914 1854 prima
1932 1798 2110 1856 sequenti
2125 1800 2238 1841 Con.

1255 1855 1512 1919 gregatione·

1374 1916 1582 1972 Septimo.
1613 1919 1721 1960 Cum
1743 1915 1890 1970 pluries
1906 1915 2134 1958 dubitatum
2151 1913 2237 1956 fue-

1255 1974 1309 2022 rit
1323 1974 1427 2016 circa
1443 1975 1754 2027 intelligentiam
1773 1978 2043 2018 Decretorum
2060 1989 2150 2030 pag.
2169 1977 2237 2017 28.

1257 2030 1364 2086 quod
1381 2043 1461 2072 non
1476 2033 1585 2085 prius
1606 2031 1727 2075 sedes
1748 2033 1977 2087 Apostolica
2003 2034 2161 2076 moveri
2178 2031 2238 2074 so-

1256 2090 1361 2136 leat,
1375 2091 1496 2144 quam
1514 2092 1646 2144 Reges
1664 2118 1678 2140 ,
1696 2091 1898 2146 Principes
1918 2119 1932 2142 ,
1948 2092 1988 2132 δι
2001 2092 2083 2134 aiiae
2102 2092 2236 2135 Perso-

1248 2148 1312 2193 'nae
1348 2149 1589 2190 authenticae
1611 2150 1647 2189 &
1672 2148 1840 2190 boneslae
1870 2150 2059 2193 instanter
2087 2149 2237 2204 suppli-

1254 2204 1435 2247 caverint
1465 2207 1632 2246 Summo
1666 2205 1876 2257 Pontifici,
1896 2209 1935 2247 δι
1953 2217 2047 2249 tunc
2073 2210 2238 2250 etiam„

1254 2275 1332 2309 non
1361 2261 1490 2305 statim
1506 2292 1522 2317 ,
1546 2262 1612 2305 sed
1639 2266 1866 2318 οιρεξὶικ,
1880 2266 1991 2323 quod
2014 2266 2083 2308 diu
2110 2265 2239 2322 pulse-

1255 2331 1322 2365 tur
1337 2348 1353 2372 ‚
1366 2334 1457 2362 nam
1474 2350 1488 2373 ,
1516 2321 1540 2364 si
1558 2322 1836 2379 perdurabunt
1858 2324 2051 2367 miracula
2065 2353 2079 2374 ‚
2093 2326 2132 2367 δι
2148 2324 2239 2380 sup-

1255 2380 1490 2438 plicantium
1506 2381 1719 2432 inflantia,
1734 2391 1831 2426 tunc
1848 2383 2113 2428 banstiliimus
2131 2387 2237 2428 Pon·

1254 2437 1384 2490 tifex,
1413 2438 1436 2480 si
1463 2441 1498 2484 ei
1517 2441 1750 2491 videbitur,
1782 2444 2003 2489 committit
2035 2442 2232 2486 causam-⁴

1253 2501 1341 2541 Sac.
1368 2500 1719 2554 Congregationi3
1736 2499 1883 2549 ideo‚fi
1900 2503 1954 2545 ita
1986 2500 2235 2546 sanctissimo

1253 2554 1378 2600 visum
1394 2555 1516 2601 suerit
1529 2586 1545 2611 ,
1565 2557 1715 2603 censuit
1727 2559 1869 2603 eadem
1887 2564 1977 2604 Sae.
1997 2564 2236 2616 Congrega-

1255 2615 1315 2661 tio
1328 2616 1659 2661 Commisiionem
1675 2632 1755 2660 non
1772 2616 1849 2662 esse
1877 2620 2103 2676 signandam
2117 2646 2131 2668 ‚
2165 2618 2232 2661 mli

1254 2674 1339 2731 pos}
1353 2675 1529 2731 elapsum
1551 2687 1711 2730 tempus
1735 2677 1877 2719 decem
1909 2693 2103 2721 annorum
2127 2678 2148 2717 i
2166 2678 2232 2719 die

1254 2732 1565 2792 presentationis
1596 2732 1807 2778 Prot-enus
1841 2738 2080 2779 auctoritate
2106 2735 2230 2776 Ordi-

1252 2791 1361 2832 naria
1380 2787 1569 2835 fabricati
1585 2817 1599 2840 ‚
1612 2793 1650 2833 &
1676 2806 1769 2835 cum
1797 2792 2038 2846 praecedenti
2052 2791 2234 2847 rigorosa·

1250 2845 1485 2892 discussione
1499 2848 1676 2904 ejusdem
1702 2848 1910 2894 Processfis
1931 2864 2023 2892 cum
2053 2852 2232 2905 Scriptu-

1251 2921 1294 2951 ra
1307 2910 1343 2950 St
1358 2909 1584 2953 Summario
1598 2936 1613 2958 ‚
1628 2910 1668 2951 δι
1691 2909 1851 2963 insuper
1880 2910 2022 2952 habitis
2046 2910 2130 2967 post
2157 2908 2231 2951 de-

1250 2968 1470 3010 cenniums
1486 2966 1553 3011 die
1579 2966 1853 3011 fabricationis
1877 2969 1985 3012 illius
2010 2970 2127 3011 novis
2159 2966 2228 3012 lit·

1250 3027 1347 3069 teris
1364 3024 1646 3081 Episcoporum
1673 3028 1783 3068 circa
1808 3026 2226 3080 percrebescentiam..

1250 3085 1359 3127 famae
1374 3086 1595 3131 Sanc'titatis
1611 3086 1652 3127 δι
1670 3086 1960 3129 Miraculorum
1978 3114 1992 3136 ‚
2023 3101 2070 3128 ac
2096 3087 2222 3128 devo-

1249 3145 1368 3187 tionis
1386 3144 1530 3199 Populi
1543 3143 1662 3188 enixe
1675 3159 1750 3202 pro
1774 3145 2072 3189 Beatificatione
2095 3147 2135 3187 &
2149 3144 2227 3185 Ca·

1247 3204 1508 3246 nonizatione
1536 3202 1739 3247 instantis:
1773 3205 1841 3247 nili
1866 3217 2001 3248 tamen
2034 3205 2072 3246 in
2093 3205 2225 3259 aliqua

1248 3261 1378 3305 Causa
1392 3275 1443 3304 ex
1458 3263 1716 3316 peculiaribus
1742 3262 2048 3308 circumstantiis
2070 3266 2223 3306 Sacra,

1244 3323 1531 3377 congregatio
1554 3323 1839 3369 existimaverit
1856 3350 1870 3374 ,
1883 3321 2094 3376 anticipari
2113 3320 2219 3376 poffe

1246 3383 1456 3435 tempusin
1472 3379 1704 3427 diseuflione
1730 3378 1985 3423 Proceffuum
2006 3380 2217 3422 auctorita.

1245 3448 1287 3483 te
1317 3439 1532 3483 Ordinaria
1555 3439 1859 3489 confectorum,
1891 3440 1931 3485 δι
1957 3437 2220 3485 sanctissimus

1244 3500 1325 3546 hoc
1344 3499 1632 3552 approbaverit
1647 3527 1659 3540 .

1357 3558 1545 3603 octavo.
1578 3559 1622 3599 In
1636 3554 1757 3599 caulis
1786 3557 2005 3599 Servorum
2036 3556 2113 3602 Dei
2127 3565 2218 3600 ante

1244 3617 1420 3660 Decreta
1436 3612 1503 3656 fel.
1518 3629 1651 3659 recor.
1670 3614 1822 3657 Urbani
1841 3616 1957 3656 Viii.
1979 3614 2216 3658 introducitis

1243 3688 1324 3718 non
1342 3673 1543 3727 signentur
1555 3672 1863 3718 Commifliones
1884 3671 2215 3731 reassumptionis‚

211 3731 251 3775 in
269 3732 453 3776 Archivo
467 3732 556 3775 Sac.
574 3731 910 3789 Congregationis
942 3730 983 3772 in
1015 3728 1181 3772 Vatica-
1240 3732 1310 3776 nifi
1334 3732 1445 3790 prius
1457 3745 1530 3787 per
1542 3732 1702 3775 Sacram
1728 3733 2095 3789 Congregationem
2119 3748 2215 3778 exa—

2079 3795 2153 3836 mi-
