2496 4172
997 207 1442 327 Apostolica
1457 271 1476 291 .
2005 254 2100 335 33
2126 263 2164 342 3

228 360 320 401 Hoc
333 353 500 398 &illico
515 356 554 397 in
571 354 639 397 fiio
652 353 873 399 Provinciae
890 353 1064 397 adventu
1075 353 1360 411 perfecerunt,
1391 353 1532 395 statum
1558 355 1829 406 populationis
1848 359 1892 401 rSt
1904 365 2226 422 Congregationi

229 412 469 472 explicando
481 443 496 467 ,
511 417 549 456 &
566 415 602 458 se
615 413 776 456 noviter
785 414 835 456 ad
851 413 1068 470 regressum
1081 413 1289 457 offerendo
1303 442 1314 453 .
1348 412 1509 457 Litterae
1523 425 1570 454 an
1586 422 1754 467 receptae
1770 411 1844 455 lint
1862 439 1878 462 ‚
1889 416 2095 472 ignoratur
2111 453 2124 474 ⁵
2137 443 2232 469 cel.-

231 486 316 517 tum
329 484 465 574 autegn
477 474 532 516 est
552 501 565 525 ,
578 476 707 518 adum
722 471 890 520 ulterius
903 470 980 519 effe
989 472 1083 516 nihil
1097 501 1113 529 ,
1142 475 1180 518 δι
1210 470 1388 515 Miffioni
1403 470 1586 531 Nigritiae
1612 485 1684 527 per
1701 483 1770 516 20.
1787 484 1913 516 annos
1926 483 2130 531 protractae
2155 487 2234 525 im-

257 533 400 576 ofitum
443 546 536 578 nem
550 560 563 577 ο

230 549 256 591 p
349 594 578 647 Eaproptet·
593 589 782 635 remetior
801 588 906 633 viam
917 588 967 635 ad
981 593 1022 635 M
1029 589 1246 633 iffionarios
1257 620 1271 641 ,
1298 603 1399 650 quos
1411 588 1700 644 Carthaginem
1717 589 1856 633 versus
1871 590 2105 642 navigantes
2122 593 2234 647 supra

231 650 373 706 reliqui
390 678 402 690 ·
434 653 563 694 Porro
573 659 667 694 ante
681 648 843 691 illorum
858 647 912 694 ibi
925 650 974 691 ad
983 659 1144 692 ventum
1156 663 1207 693 ex
1221 648 1328 692 felici
1344 650 1471 691 frusta
1487 651 1525 691 in
1542 646 1631 690 navi
1647 661 1717 704 per
1739 661 1830 693 ¹20.
1842 649 2105 703 AEthyopum,
2124 654 2235 691 Nau-

234 722 366 752 tarum
375 710 451 755 &c.
465 707 762 754 conversionem
777 706 952 753 conecto
963 736 976 760 ,
993 722 1110 751 omen
1125 709 1359 766 copiosioris
1372 708 1515 762 segetis
1533 708 1573 749 in
1586 706 1770 754 Civitate
1785 717 2064 763 conceperunt
2079 738 2094 759 ‚
2126 708 2234 763 quod

230 770 270 811 δι
283 768 454 811 charitas
468 795 482 820 ‚
493 766 573 823 qud
587 765 785 809 nlustriss.
803 769 998 811 Dominus
1016 767 1330 823 Christophorus
1342 768 1444 811 dela
1460 769 1650 820 Farrega,
1664 768 1770 811 Ord.
1786 765 2077 814 cisterciensis,
2095 781 2140 811 ac
2155 767 2237 809 loci

233 827 479 883 Episcopus,
514 828 565 868 D.
580 824 772 868 Clemens
802 826 980 878 Sorians,
995 826 1186 871 Civitatis
1209 826 1499 876 Gubernator,
1528 827 1574 868 Ρ.
1589 825 1846 870 Guardianus
1868 825 2110 870 Conventus
2126 831 2167 869 s.
2188 831 2235 868 Ρ.

231 884 430 930 francisci
441 883 494 927 de
509 881 776 928 Observantia
788 913 804 939 ,
820 888 1006 942 totusque
1019 886 1195 940 populus
1206 885 1300 928 illos
1313 886 1475 941 excepit
1491 912 1506 937 ‚
1533 885 1697 928 abunde
1728 883 1984 929 confirmavit
1998 914 2010 928 .
2044 885 2108 928 Ad
2136 898 2237 941 opus

228 942 375 988 fluetus
387 941 538 1002 praevifi
556 953 599 985 ut
618 954 903 999 properaretur
917 971 931 994 ‚
946 944 1042 987 uriit
1062 946 1258 988 Dominus
1274 944 1504 990 Gundsalus
1521 970 1536 994 2
1566 945 1736 990 Ordinis
1767 946 1821 986 D.
1843 944 1984 999 Jacobi
2002 946 2136 1000 Eques
2150 971 2166 995 ,
2196 944 2238 985 in

232 1002 380 1047 vicinia
393 1002 672 1046 &catharine
690 1002 909 1049 Ecclesiam
919 1004 966 1046 iis
981 1002 1235 1058 affignandot
1251 1004 1342 1047 hinc
1361 1005 1402 1046 Gt
1422 1006 1465 1046 P.
1478 1001 1675 1059 Caspai-us
1700 1001 1901 1048 illustriss.
1924 1006 1974 1047 D.
1995 1004 2236 1059 Episcopum

228 1060 328 1104 adiit
344 1059 528 1113 ,litteras
542 1070 630 1106 tum
646 1065 735 1105 διε.
749 1063 1085 1120 congregationis
1111 1062 1162 1107 de
1187 1065 1304 1117 Prop.
1322 1064 1442 1114 Fide,
1473 1072 1558 1105 tum
1584 1064 1711 1120 Regis
1738 1060 1945 1106 Catholici
1974 1062 2204 1108 exhibendo
2220 1087 2238 1112 ‚

230 1130 316 1164 tum
335 1119 448 1175 illum
461 1118 726 1170 obsecrando,
741 1131 788 1162 ut
802 1122 1013 1178 ‚quamdiu
1034 1121 1072 1163 in
1086 1119 1147 1165 sua
1163 1121 1336 1165 Dioecefi
1361 1121 1453 1164 illos
1469 1123 1620 1164 morari
1637 1122 1898 1178 contingeret
1911 1150 1926 1173 ,
1947 1122 1988 1166 in
2011 1120 2236 1176 affignata,

228 1177 317 1234 ipfis
335 1176 504 1222 Eeclefia
518 1177 727 1222 facultates
742 1179 764 1220 a
780 1180 1160 1237 &congregatione
1174 1178 1369 1222 conceffas
1385 1192 1580 1224 exercere
1610 1181 1887 1236 permitteret,
1917 1180 2028 1236 quod
2056 1181 2096 1221 δι
2133 1181 2238 1223 Illu-

229 1235 431 1282 strissimus
446 1236 698 1283 colibentit'ts
708 1237 899 1281 concessit
916 1267 930 1290 ‚
961 1239 1040 1295 quo
1063 1239 1269 1282 utiliorem
1293 1238 1456 1282 illorum
1474 1236 1654 1281 laborem
1688 1238 1843 1294 populo
1873 1235 1941 1280 suo
1972 1239 2139 1295 agnovit
2154 1268 2166 1280 .
2199 1241 2236 1282 Α

231 1295 442 1352 proposito
457 1295 504 1337 ad
522 1296 671 1340 flumen
683 1297 934 1353 Maragnonis
950 1296 1191 1347 secedendi,
1203 1299 1361 1352 penitus
1377 1296 1472 1337 illos
1489 1309 1722 1346 removere,
1752 1295 1860 1338 varis
1882 1297 2045 1351 quidem
2074 1298 2237 1339 ratione

231 1354 513 1410 prudentiores
529 1355 719 1400 Civitatis
734 1355 823 1399 Viti
837 1356 974 1400 eonati
990 1357 1104 1411 sunt;
1126 1367 1216 1397 cum
1235 1365 1368 1397 tamen
1386 1352 1423 1398 se
1434 1354 1482 1397 ad
1501 1354 1803 1398 convertionem
1820 1353 2050 1395 infidelium
2077 1359 2100 1395 a
2115 1360 2234 1398 Sacra

228 1412 561 1468 Congregatione
573 1411 789 1458 destinatos
804 1410 1066 1459 meminissent
1079 1443 1096 1470 ,
1127 1416 1264 1457 Patres
1282 1414 1458 1458 Didacus
1475 1413 1527 1458 de
1546 1412 1823 1456 Guadaleanal
1844 1439 1859 1466 ,
1883 1413 1921 1455 δι
1938 1411 2168 1456 Ludovicus
2180 1413 2233 1453 dc

229 1472 376 1526 Priego
395 1500 405 1518 ‚
418 1467 530 1514 firma
540 1468 621 1527 jam
639 1472 872 1516 valetudine
885 1473 1082 1528 pollentes
1095 1498 1108 1518 ‚
1126 1473 1272 1515 relictis
1285 1473 1527 1528 Carthagine
1541 1472 1688 1522 Sociis,
1704 1471 1890 1524 reliquias
1907 1468 2147 1512 infirmitatis
2169 1469 2238 1510 ad-

226 1529 305 1573 huc
326 1529 580 1583 patientibus,
595 1530 645 1572 ad
664 1532 815 1576 vicinos
829 1529 1018 1575 lnfideles
1032 1536 1081 1574 ad
1098 1531 1261 1574 fluvium
1280 1533 1499 1575 Darienum
1530 1532 1569 1574 &
1584 1530 1720 1570 Sinum
1739 1529 1883 1572 Uradae
1904 1529 2129 1573 habitantes
2155 1527 2232 1573 se,

227 1586 447 1632 transferre
463 1587 685 1632 statuerunt
696 1618 708 1630 .
741 1588 950 1634 Consenfit
979 1594 1021 1634 Ρ.
1043 1588 1248 1634 prefectus
1260 1614 1274 1637 ‚
1307 1590 1521 1644 Episcopus
1541 1587 1687 1629 litteris
1718 1586 1911 1631 abeunt‘es
1936 1588 2202 1630 communivit
2215 1612 2231 1636 s

227 1646 267 1688 δι’.
281 1647 540 1690 Gubernator
555 1674 567 1697 ,
583 1661 674 1688 curn
690 1648 787 1691 alias
800 1649 848 1695 ad
863 1651 991 1690 die'tos
1009 1650 1204 1692 Barbaros
1221 1645 1480 1691 transfretare
1497 1649 1666 1688 vetitum
1692 1643 1787 1688 essct
1803 1676 1818 1698 ,
1849 1659 1927 1687 non
1960 1646 2086 1687 solum
2118 1646 2233 1688 beni-

226 1702 306 1760 gni
326 1702 495 1761 Epikcja
508 1705 637 1749 dictos
648 1706 786 1749 Patres
799 1706 819 1750 ὲ
834 1707 921 1765 lege
933 1707 1104 1750 absolvit
1114 1732 1127 1757 ,
1158 1703 1222 1749 scd
1242 1705 1398 1764 insuper
1413 1706 1632 1753 Navareho
1649 1703 1834 1759 illorum,
1854 1704 2011 1750 Didaco
2030 1704 2083 1747 de
2094 1704 2230 1745 Ochoa

227 1774 358 1805 rerum
374 1761 753 1807 transvehendum„
767 1766 1060 1810 immunitatem
1074 1763 1263 1808 eonecffit
1280 1791 1291 1806 .

343 1820 511 1878 Expleta
530 1836 541 1864 ι
549 1835 590 1872 5.
606 1825 764 1867 dierum
779 1826 1037 1880 navigatione
1054 1827 1223 1868 Portum
1241 1826 1282 1866 S.
1299 1821 1513 1866 Sebastiani
1530 1822 1570 1864 in
1588 1819 1802 1867 Provincia
1818 1819 1963 1867 Uradoe
1975 1822 2205 1879 attigerunt
2218 1847 2235 1871 ‚

222 1881 391 1923 ubicum
411 1879 498 1922 vela
518 1881 772 1936 legerentur,
788 1885 985 1925 Barbarus
996 1884 1164 1938 copios'e
1178 1880 1356 1924 affluxit:
1372 1881 1503 1937 quide
1517 1879 1595 1923 fine
1610 1880 1809 1925 adventus
1824 1881 1991 1924 edoctus
2006 1907 2021 1930 ‚
2044 1883 2084 1923 δι
2111 1879 2230 1922 donis

223 1938 263 1980 in
278 1938 510 1995 obsequium
522 1939 685 1986 allectus
699 1967 715 1993 ,
727 1938 896 1988 sarcinas
907 1942 1016 1983 navis
1032 1941 1205 1996 propriis
1223 1941 1398 1983 humeris
1415 1940 1464 1982 ad
1483 1942 1657 1982 Domum
1674 1938 1815 1995 Reguli
1834 1966 1848 1989 ‚
1860 1940 2031 1983 Andreoe
2046 1965 2061 1988 ‚
2077 1953 2126 1982 cx
2160 1939 2235 1980 Ba-

223 1997 393 2053 ptismo‚
409 1995 506 2039 olim
524 2010 593 2052 per
609 1995 875 2043 transeuntem
893 1998 1177 2044 Missionarium
1187 2011 1358 2060 recepto
1371 2026 1387 2052 ,
1417 2000 1457 2041 δι
1485 2012 1557 2059 per
1576 1996 1789 2059 regressum
1817 1998 1868 2044 ad
1886 1998 2116 2043 idolatriam
2134 2011 2235 2055 pro-

224 2057 404 2112 phanato
434 2056 582 2107 vocati,
600 2054 809 2102 servandas
828 2060 1006 2113 portavit
1020 2086 1032 2102 .

340 2112 457 2156 Adeo
472 2123 626 2161 trucem
645 2116 834 2170 populum
851 2117 962 2161 illum
978 2116 1216 2160 MissionarIi
1231 2131 1309 2160 non
1328 2116 1571 2173 reperientes
1587 2145 1602 2167 ,
1620 2117 1901 2162 ineunstanter
1927 2130 2020 2159 cum
2055 2114 2128 2159 illo
2141 2113 2232 2158 dea

222 2170 402 2216 Ecclesia
417 2173 610 2229 erigenda
625 2186 745 2229 agere
758 2187 979 2233 ceperunt.
1014 2179 1103 2220 Nec
1113 2175 1245 2219 adfuit
1262 2175 1556 2228 contradicti03
1585 2176 1677 2218 hine
1704 2177 1805 2219 intra
1834 2175 2042 2217 modicum
2076 2185 2235 2228 tempus

222 2227 371 2276 fabrica
387 2230 678 2289 fuit-completa
693 2234 970 2292 ,Getugurium
988 2235 1209 2277 tabulatum
1238 2234 1306 2277 dic
1319 2234 1563 2286 4·Oetobris
1579 2233 1864 2277 Benediaione
1890 2230 1996 2273 sacra
2019 2234 2058 2273 in
2088 2231 2234 2274 Eccle-

221 2287 312 2331 ΕΜ]
329 2287 563 2334 conversum
578 2317 591 2340 ο
608 2290 648 2331 &
667 2296 714 2334 D.
732 2289 947 2338 francisco
961 2291 1120 2345 nostro,
1135 2291 1246 2348 cujus
1260 2292 1395 2336 sellum
1407 2306 1458 2333 σο
1473 2291 1541 2332 die
1564 2291 1736 2336 Ecclefia
1750 2291 1949 2340 celebrat,
1965 2289 2202 2334 dedicatum
2217 2317 2233 2341 ,

219 2347 354 2391 cresto
367 2344 534 2401 desuper
551 2347 847 2403 lusti-umento,
874 2351 983 2408 quod
998 2352 1036 2394 in
1051 2352 1258 2394 tabulariis
1275 2350 1495 2395 Provincia
1510 2347 1734 2394 asservatur
1749 2378 1761 2392 .

331 2402 516 2449 Charitas
529 2433 543 2458 ‚
559 2418 633 2462 qua
653 2406 833 2451 laborem
850 2408 1009 2451 incultae
1025 2408 1147 2451 vincae
1168 2410 1403 2452 Missionarii
1422 2419 1620 2466 ceperunt
1636 2434 1651 2459 ‚
1683 2411 1737 2452 ita
1753 2407 1978 2463 captivavit
1997 2404 2229 2451 infidelium

219 2461 374 2506 animos
386 2489 402 2514 ,
419 2473 463 2506 ut
479 2463 612 2519 plures
631 2466 855 2512 Christiana
872 2467 1072 2521 Dogmata
1086 2469 1453 2524 complecterentur
1466 2498 1479 2510 .
1512 2471 1574 2512 Ex
1589 2482 1671 2522 quo
1687 2466 1796 2512 felici
1811 2468 2011 2524 principio
2027 2467 2226 2524 colligen-

217 2521 276 2565 do
288 2519 433 2566 fructui
444 2521 484 2566 se
498 2523 604 2566 duos
617 2523 812 2570 duntaxat
831 2526 1001 2583 impares
1015 2525 1236 2579 judicantes
1248 2553 1263 2575 ‚
1275 2527 1522 2582 Carthagine
1537 2528 1641 2569 alios
1656 2526 1925 2571 Missionarios
1942 2527 1981 2570 in
2000 2538 2153 2583 partem
2170 2526 2230 2567 la·

220 2578 332 2623 boris
353 2579 738 2626 vocareflatuerunt
752 2611 764 2621 .
794 2585 902 2627 Cum
914 2582 1055 2625 eadem
1084 2584 1196 2640 proin
1214 2585 1359 2628 Didaci
1383 2586 1474 2628 nari
1505 2589 1556 2631 σὸ
1587 2586 1630 2626 Ρ.
1647 2586 1902 2634 Ludens-us,
1938 2586 2023 2639 ipso
2044 2585 2234 2640 predicto

217 2635 382 2681 Andrea
402 2636 560 2692 Regulo
575 2666 588 2687 ‚
618 2637 782 2696 alioque
805 2640 927 2683 Soeio
941 2637 1102 2694 stipatus
1117 2642 1237 2685 rediit
1259 2670 1274 2692 ‚
1305 2642 1526 2698 statumque
1541 2655 1656 2685 nom
1676 2642 1862 2686 Colonia
1893 2654 1980 2684 tum
1998 2642 2199 2697 Episcopo
2214 2665 2230 2691 ,

221 2702 310 2738 tum
325 2693 624 2749 Gubernatori,
641 2707 727 2738 tum
741 2697 926 2742 Ptaefeeto
945 2699 1141 2742 nuntiavit
1156 2727 1167 2740 .
1200 2699 1459 2744 Albieantem
1493 2698 1655 2743 Meffem
1688 2700 1727 2743 hi
1753 2700 1916 2756 quidem
1946 2714 2087 2744 omncs
2117 2712 2230 2741 novo

223 2752 515 2806 operariorum
531 2754 1008 2801 subsidio-confovendam
1033 2755 1109 2799 effe
1127 2757 1408 2802 concluserunt
1425 2787 1438 2811 ,
1465 2758 1724 2814 eundemque
1755 2762 1797 2804 P.
1816 2758 2069 2804 Ludovieum
2102 2759 2230 2799 tribus

223 2809 312 2854 aliis
329 2810 586 2856 Missionariis
599 2811 792 2858 sociatum
804 2814 855 2858 ad
872 2815 1184 2860 §.Sebastianum
1200 2816 1638 2876 relegsrunt-Secundo
1656 2819 1747 2860 velo
1759 2832 1853 2860 curn
1870 2819 1933 2860 hic
1951 2818 2124 2860 Insulam
2141 2830 2231 2857 om-

221 2870 332 2912 nium
349 2871 580 2912 Sanctorum
597 2870 742 2915 diaam
755 2900 770 2924 ,
785 2872 805 2914 ὁ
821 2877 862 2917 8.
877 2873 1105 2930 Sebastiano
1117 2889 1194 2917 non
1209 2876 1313 2920 adeo
1326 2875 1502 2921 dissitam
1517 2903 1532 2925 ‚
1546 2875 1734 2932 attigisset
1751 2904 1765 2928 ‚
1781 2889 1926 2919 novam
1943 2875 2168 2918 Missioncm
2185 2875 2225 2917 in

221 2925 385 2994 Oppido
399 2928 615 2972 Tucuuaca
630 2930 802 2974 stabilire
811 2931 991 2975 decrevit
1009 2962 1022 2983 ,
1034 2933 1272 2979 &stabilivit
1288 2963 1302 2985 ‚
1318 2935 1474 2991 eiusque
1485 2949 1619 2978 curam
1643 2937 1684 2979 δι
1700 2936 1739 2978 in
1755 2935 1793 2977 sc
1808 2933 1931 2993 ipsum
1957 2948 2050 2981 cum
2073 2947 2156 2978 uno
2180 2946 2229 2978 ex

226 2982 344 3028 sociis
356 2983 520 3039 suscepit
540 3013 553 3039 ,
569 2987 658 3032 aliis
669 2988 826 3033 duobus
839 2989 888 3034 ad
904 2989 1110 3035 stationem
1124 2995 1166 3036 S·
1180 2994 1395 3038 sebastiani
1411 2993 1578 3037 dimissis
1593 3025 1606 3040 .

339 3043 504 3097 Triplex
522 3043 601 3099 jam
616 3048 1014 3103 Evangelicilaboris
1036 3064 1198 3107 campus
1214 3081 1227 3103 ,
1260 3052 1449 3095 videlieet
1480 3051 1806 3108 Chartaginenfis
1825 3081 1839 3103 ι
1868 3053 2014 3097 Portus
2044 3054 2084 3095 S·
2103 3050 2227 3094 Seba-

224 3099 336 3144 fliani
357 3115 467 3145 novo
484 3103 650 3147 subsidio
661 3103 785 3150 fultus
798 3135 813 3158 ‚
825 3108 866 3150 δι
878 3108 1098 3152 Tucunacoe
1115 3110 1273 3154 noviter
1285 3122 1445 3166 apertus
1457 3112 1720 3168 multiplicem
1738 3111 1907 3155 fruCtum
1923 3110 2144 3166 spondebat
2159 3135 2173 3156 ‚
2187 3110 2229 3151 δι

219 3171 299 3202 non
318 3159 482 3204 modico
491 3163 642 3218 gaudio
656 3164 931 3212 Misaionarios
945 3167 1118 3224 replevit
1134 3197 1149 3219 ,
1161 3168 1257 3213 dum
1271 3183 1368 3213 ecce
1382 3170 1636 3230 conglobatae
1648 3171 1912 3229 angustiarum
1930 3172 2052 3214 nubes
2067 3166 2226 3211 sinistris

221 3218 371 3261 casibus
386 3220 714 3267 amoenumillius
727 3223 929 3280 aspefium
940 3226 1202 3274 involverunt
1217 3256 1231 3279 ,
1254 3229 1462 3284 omnisque
1488 3231 1695 3275 ulterioris
1728 3227 1896 3275 conatiis
1926 3227 2034 3286 spem
2059 3226 2226 3271 ademe-

218 3285 339 3320 runt.
372 3279 484 3320 Mors
500 3278 680 3335 Episcopi
701 3284 1055 3341 chartaginenfis‚
1079 3286 1314 3330 nceeffarius
1338 3286 1362 3328 ὲ
1385 3286 1572 3334 Missione
1605 3291 1827 3332 Tucunaeae
1847 3285 2224 3333 Missionariorum..

217 3333 381 3382 secessus
394 3363 408 3388 ‚
421 3337 458 3381 δι
476 3337 636 3383 demum
653 3339 996 3387 Missionariorum
1010 3344 1073 3387 vel
1095 3343 1301 3388 infirmitas
1331 3347 1395 3390 vel
1423 3360 1529 3389 mors
1555 3346 1637 3404 ipsa
1654 3347 1884 3404 superstites
1910 3348 1949 3390 in
1969 3359 2020 3388 eo
2039 3340 2223 3386 conoes-

220 3395 432 3439 runtaestaru
445 3407 515 3443 ‚ut
526 3395 564 3438 sis
576 3399 853 3442 continuandae
867 3401 1038 3444 culturas
1049 3403 1216 3459 impares
1227 3401 1490 3460 agmsecrent
1506 3435 1518 3450 .
1550 3407 1649 3450 Inde
1664 3408 1828 3453 unicum
1842 3405 2011 3451 restabat
2027 3400 2224 3450 medium,

227 3454 379 3497 umori
391 3452 416 3498 ὲ
431 3454 638 3500 Provincia
651 3458 888 3501 advenirent
903 3459 1050 3504 Coloni
1063 3473 1082 3514 3
1093 3471 1135 3505 at
1147 3477 1198 3508 eo
1211 3473 1397 3518 tempore
1411 3492 1427 3514 ‚
1457 3479 1538 3519 quo
1555 3467 1627 3511 hos
1640 3463 1821 3522 poposcit
1833 3490 1848 3512 ,
1876 3463 1945 3506 illa
1961 3475 2033 3517 per
2059 3459 2221 3503 litteras

225 3507 332 3578 sorte
345 3512 566 3557 retroversa
579 3543 594 3567 ,
608 3530 746 3559 omnes
759 3517 807 3558 ad
822 3515 860 3559 se
874 3519 1105 3562 revocavit.
1137 3519 1374 3565 Adorzirunt
1391 3522 1627 3567 Missionarii
1638 3527 1677 3570 in
1695 3522 1829 3577 spiritu
1850 3521 2033 3565 veritatis
2056 3517 2220 3561 consilia

220 3569 334 3634 Det-3
353 3569 395 3612 δι
405 3571 696 3621 obedientiam,
711 3575 916 3621 Sacrificio
926 3576 1222 3631 perfectiorem,
1237 3580 1551 3628 reminiscentes,
1562 3583 1734 3638 regressu
1753 3579 1822 3622 suo
1837 3577 2039 3626 Missioni‚
2065 3578 2107 3620 δι
2132 3574 2224 3620 Mitt·

221 3626 392 3693 nomm?
408 3648 427 3681 s
446 3631 613 3684 pretiosa
634 3634 807 3689 plurium
822 3637 1010 3679 Fratrum
1026 3646 1161 3680 morte
1174 3637 1399 3683 clarificatis
1413 3667 1428 3693 ,
1452 3640 1493 3683 δι
1521 3637 1666 3684 semine
1681 3638 1831 3685 fruetus
1857 3652 1937 3683 non
1963 3634 2117 3680 modici
2142 3634 2222 3679 foe-

219 3685 407 3728 cundam
420 3711 435 3735 s
449 3685 566 3730 finem
578 3690 852 3748 imposuerunt
869 3724 881 3736 .

221 3801 229 3809 ·
305 3743 469 3812 Manum
484 3746 738 3814 nihilominus
753 3753 919 3795 otiosum
936 3767 1015 3795 non
1030 3754 1160 3797 tenuit
1178 3751 1530 3813 ProvinciaBetica
1543 3756 1825 3811 inApoflolico
1837 3752 2218 3809 munere‚sed,quod

219 3812 326 3844 inter
343 3806 524 3858 Nigritas
541 3811 690 3864 incepit
701 3836 715 3859 2
729 3812 896 3866 perenni
912 3812 1040 3854 fludio
1054 3815 1103 3855 ad
1120 3812 1354 3868 praesentem
1375 3820 1494 3874 usque
1509 3816 1617 3861 diem
1630 3814 1887 3873 prosequitur
1899 3843 1915 3868 ,
1940 3815 2039 3858 dum
2058 3816 2219 3858 Fratres

2060 3872 2165 3916 illius
