2496 4172
314 154 489 264 428

256 299 386 343 vitate
402 298 672 354 Hierusalem,
684 300 851 358 aliisique
866 301 968 345 locis
984 303 1124 346 Terrae
1137 305 1233 345 San·

250 361 322 401 ἂι
333 361 624 404 conservantur
638 389 654 411 ,
683 360 834 405 sincera
849 361 1068 406 devotione
1083 363 1231 405 recoli·

252 432 343 461 mus
357 447 373 470 ,
403 423 589 476 piamque
603 418 783 462 fidelium
798 434 895 475 erga
919 420 989 462 illa
1004 422 1230 464 veneratio·

252 492 347 520 nem
372 476 637 534 spiritualium
665 480 885 532 gratiarum
911 509 926 532 ,
950 494 1125 536 quarum
1151 477 1231 521 dis-

252 535 433 593 pensatio
449 539 563 580 nobis
581 539 603 579 i
625 538 802 580 Domino
826 538 980 581 credita
1007 537 1088 588 cst,
1113 537 1231 593 largi-

252 596 435 638 tionibus
450 595 592 638 sovere
608 626 622 646 ,
642 606 762 649 atque
774 596 944 639 incitare
960 598 1180 646 studemus,
1193 597 1235 637 Gt

252 654 351 702 aliis
364 654 533 706 desuper
547 654 792 708 disponimus
805 679 820 702 ‚
836 653 935 696 ficut
948 655 1135 696 omnibus
1149 668 1233 695 ma-

252 723 345 753 tura
357 710 682 753 consideratione
696 711 899 765 perpensis
912 739 926 761 ,
950 711 1004 753 ad
1017 712 1231 754 Christiani

252 768 399 824 Populi
412 766 748 818 aedificationem,
778 769 1045 826 Ecclesiaeque
1071 768 1230 811 utilita-

255 838 338 868 tem
354 825 562 867 salubriter
575 825 774 880 expedire
796 826 838 867 in
852 827 1030 871 Domino
1054 827 1233 869 arbitra-

254 896 341 924 mur
354 909 367 922 .

309 940 348 988 §.
371 952 406 980 ι.
466 942 572 981 Cum
598 939 737 992 itaque
761 967 780 988 ‚
816 939 915 984 sicut
941 940 1074 983 Nobis
1102 953 1234 995 nuper

255 998 403 1051 exponi
430 994 528 1038 fecit
554 997 726 1040 dileflus
755 996 860 1041 silius
887 1001 1030 1042 Petrus
1052 998 1233 1042 Marinus

249 1060 468 1099 Sormanus
483 1083 497 1106 ,
510 1055 688 1099 Minister
707 1056 917 1100 Generalis
934 1057 1100 1100 Ordinis
1137 1050 1235 1100 Fra·

249 1127 357 1157 trum
372 1115 577 1157 Minorum
604 1117 646 1157 S.
661 1115 860 1160 Francisci
894 1117 948 1160 de
963 1115 1233 1160 observantia

250 1183 572 1229 nuncupatorum
590 1199 605 1222 ‚
622 1171 736 1229 super
750 1174 1048 1232 indulgentiis,
1079 1177 1121 1219 δι
1135 1189 1231 1230 pec-

246 1242 431 1275 catorum
446 1231 738 1275 remissionibus
751 1260 767 1282 ‚
795 1249 882 1290 quae
906 1238 929 1278 i
941 1234 1125 1292 pluribus
1146 1237 1232 1277 Ro-

246 1292 375 1335 manis
402 1290 670 1334 Pontificibus
696 1292 1050 1338 Praedecessoribus
1074 1294 1232 1337 Nostris

248 1347 435 1394 concessa
450 1348 559 1394 fuifle
570 1349 793 1396 afferuntur
804 1353 851 1395 iis
864 1382 878 1407 ,
889 1356 958 1409 qui
972 1366 1091 1408 penes
1103 1353 1144 1397 se
1157 1353 1233 1395 lta-

250 1408 412 1453 buerint
439 1412 625 1460 Cruces,
652 1413 871 1464 Coronas,
907 1412 1075 1458 Rosaria
1100 1441 1117 1465 ,
1166 1410 1230 1454 vel

250 1482 372 1524 grana
383 1480 432 1510 ex
447 1468 565 1524 lignis
578 1467 643 1525 eju
652 1465 759 1511 sdem
778 1471 916 1515 Terrae
928 1472 1077 1517 Sancte
1090 1467 1230 1514 conse·

248 1530 310 1569 ἂι
322 1554 337 1575 ,
351 1528 463 1569 varia
474 1539 625 1570 exortae
638 1524 788 1571 fuerint
799 1530 1092 1582 dubitationes,
1111 1530 1231 1580 adeo,

247 1598 295 1629 ut
308 1585 451 1629 exiliis
464 1586 610 1642 alique
636 1589 876 1644 apocrypha:
901 1590 940 1631 δι
967 1586 1230 1644 supposititiae

247 1644 523 1688 existimentur
534 1659 550 1690 ε
563 1660 610 1688 ac
624 1657 839 1702 propterea
853 1647 964 1691 idem
980 1649 1125 1691 Petrus
1140 1649 1229 1690 Ma·

247 1706 360 1747 rinus
375 1704 556 1748 Minister
569 1705 785 1749 Generalis
802 1733 818 1757 ,
846 1717 888 1748 ut
902 1719 1042 1749 omnes
1056 1705 1226 1761 inposic-

246 1776 334 1805 turn
359 1765 432 1805 bac
465 1763 503 1805 in
532 1777 576 1806 re
613 1764 899 1806 controversie
931 1763 1230 1818 praecidantur,

246 1820 466 1877 plurimum
488 1822 625 1876 cupiat
650 1820 879 1875 opportune
907 1824 947 1863 in
979 1819 1176 1878 praemiffis
1206 1822 1227 1863 ἑ

247 1880 377 1923 Nobis
391 1879 622 1934 provideriq.
648 1881 736 1922 Nos
761 1880 834 1935 piis
865 1880 982 1936 ipsius
1013 1880 1120 1924 Petri
1142 1880 1228 1921 Ma-

246 1939 324 1981 rini
342 1937 510 1979 Minissri
525 1937 735 1981 Generalis
754 1938 882 1993 votis,
907 1940 1106 1995 quantum
1134 1952 1227 1981 cum

249 1998 428 2040 Domino
456 1995 656 2052 possumus
682 2022 697 2046 ‚
739 1994 1019 2042 favorabiliter
1048 2010 1226 2041 annuere

243 2055 425 2099 volentes
439 2084 454 2106 ,
472 2054 679 2112 ipsumque
704 2056 725 2098 i
740 2057 942 2112 quibusvis
956 2059 1036 2101 διε.
1063 2055 1229 2101 censen·

244 2125 304 2159 tes
316 2144 330 2166 ,
346 2113 702 2170 supplicationibus
716 2116 798 2170 ejus
811 2118 972 2161 nomine
1002 2117 1131 2160 Nobis
1145 2117 1223 2160 &c-

243 2173 427 2217 inelinati
454 2187 471 2227 3
495 2173 547 2217 de
573 2174 877 2220 Venerabilium
908 2178 1102 2221 Fratrum
1137 2179 1225 2218 No·

242 2231 415 2276 sirorum
430 2233 574 2276 Sanflae
594 2236 783 2278 Romane
805 2235 994 2279 Ecclesiae
1021 2233 1222 2279 Cardina·

245 2290 345 2335 lium
363 2293 537 2348 negotiis
562 2293 825 2351 propagandae
853 2294 970 2346 Fidei⁴
992 2292 1220 2351 preposito·

246 2364 336 2392 rurn
349 2376 362 2395 s
379 2352 447 2405 qui
462 2349 690 2407 hujusmodi
705 2365 789 2395 rem
802 2348 897 2406 jussu
914 2351 1048 2394 nostro
1068 2351 1223 2394 mature

240 2405 500 2452 discusserunt
514 2437 531 2462 ,
546 2407 714 2453 consilio
728 2438 743 2462 ,
766 2422 904 2454 omnes
915 2410 957 2453 tc
967 2407 1221 2467 quascunque

240 2467 522 2523 Indulgentias
535 2495 548 2515 ,
579 2467 646 2510 seu
669 2477 929 2523 peccatorum
947 2467 1191 2513 remissiones
1205 2497 1222 2521 ,

239 2539 287 2568 ac
316 2525 651 2580 poenitentiarum
682 2525 955 2570 relaxationes
980 2554 995 2578 ,
1033 2538 1118 2583 quoe
1145 2540 1221 2585 pro

240 2582 472 2633 Crucibus,
485 2585 663 2626 Coronis
677 2613 692 2635 ,
720 2582 898 2627 Rosariis
922 2586 1111 2642 &granis
1127 2599 1219 2644 pra·

241 2638 335 2684 fatis
349 2641 464 2684 dieta
477 2644 628 2686 Sanfla:
643 2642 781 2687 Terrae
804 2646 844 2687 in
858 2655 1100 2702 perpetuum
1111 2672 1126 2695 ‚
1156 2644 1221 2688 seu

242 2701 293 2744 ad
309 2712 467 2755 tempus
482 2702 661 2747 nondum
678 2702 851 2759 elapsum
872 2702 1109 2761 Apostolics
1122 2733 1139 2757 ,
1157 2702 1220 2747 vel

239 2761 319 2805 alia
335 2761 472 2818 quavis
487 2763 729 2807 aucioritate
754 2763 1122 2821 quomodocunque
1137 2791 1151 2815 ,
1173 2776 1221 2807 ac

239 2820 567 2877 quandocunque
581 2820 773 2865 concessa
789 2818 900 2865 fuisse
912 2821 1106 2867 dicuntur
1120 2851 1135 2875 ,
1151 2822 1220 2865 ha·

238 2893 328 2922 rum
346 2879 444 2922 serie
460 2907 476 2931 ,
488 2890 688 2936 quatenus
701 2893 804 2937 opus
831 2879 876 2924 sit
890 2910 906 2934 ,
936 2882 1135 2939 perpetuo
1161 2895 1222 2924 rc-

242 2949 436 2981 vocantcs
454 2939 764 2983 &annullantes
783 2969 797 2991 ,
827 2942 1013 2984 omnibus
1041 2941 1080 2984 ει
1093 2938 1218 2998 singu·

243 2996 294 3038 lis
312 2995 515 3053 utriusque
526 2994 635 3041 sessis
650 2996 1017 3052 christifidelibus,
1041 3000 1221 3058 quandiu

245 3057 430 3106 Cruces,
460 3059 675 3106 Coronas,
705 3066 776 3102 aut
804 3056 961 3103 Rosaria
987 3057 1221 3110 duntaxat,

238 3126 326 3168 qun
356 3115 444 3157 lma
465 3115 600 3158 Terra
614 3119 767 3161 sanese
797 3116 1018 3171 hujusmodi
1035 3146 1049 3171 ,
1076 3116 1219 3162 sacras-

238 3186 317 3273 βυτ
332 3172 520 3230 reliquias
536 3176 590 3218 ibi
602 3176 813 3219 esisientes
828 3177 1046 3235 tetigerunt
1060 3202 1074 3226 ‚
1100 3190 1217 3234 penes

255 3245 277 3274 e
295 3231 534 3285 habuerint,
564 3235 602 3277 in
615 3233 825 3287 cujuslibet
842 3250 987 3279 corum
1003 3238 1145 3279 mortis
1157 3249 1218 3278 ar·

239 3290 396 3343 ticulo,
425 3289 450 3333 si
468 3293 566 3337 vere
582 3295 827 3348 poenitentcs
851 3294 892 3337 ἅ
920 3292 1087 3339 conscili
1104 3324 1117 3347 ,
1146 3301 1216 3338 ba·

237 3363 387 3404 eraque
400 3352 696 3396 Commtmiunc
710 3350 848 3398 resedi
862 3379 878 3403 ‚
896 3353 960 3397 vel
976 3383 992 3406 ,
1014 3364 1216 3411 quatenus

239 3408 279 3452 id
297 3407 427 3453 saeere
441 3410 697 3468 nequiverint
712 3440 728 3465 ,
756 3412 896 3457 saltem
910 3413 1108 3466 contriti,
1126 3414 1213 3456 Νο-

241 3469 424 3526 menjesu
442 3484 513 3514 ore
528 3499 543 3523 ,
556 3472 582 3514 si
601 3473 807 3523 potuerint
821 3498 836 3522 ,
862 3473 916 3516 sin
930 3472 1077 3525 minus,
1086 3471 1214 3518 corde

237 3529 384 3592 devote
398 3529 706 3582 invocaverint,
732 3532 958 3577 plenariam
971 3544 986 3575 s
1017 3543 1211 3589 proterea

238 3584 416 3651 eisdem,
440 3589 464 3630 si
489 3589 604 3634 semel
629 3591 669 3634 in
698 3589 976 3642 bebdomada,
1006 3602 1075 3636 aut
1106 3590 1210 3635 offi-

239 3654 352 3708 cium
375 3646 565 3690 Quinum
586 3651 859 3704 ordinarium,
882 3662 949 3694 aut
981 3649 1212 3695 Beatissimo

242 3701 416 3757 Virginis
443 3707 603 3757 Mari..
623 3719 691 3753 aut
716 3708 1026 3759 Desunfloruns,
1059 3721 1124 3753 tut
1150 3709 1209 3754 se·

242 3768 351 3809 ptem
368 3761 540 3804 Psalmo·
555 3767 860 3813 Poeuitentialcs
886 3794 898 3817 ,
928 3780 997 3814 aut
1022 3768 1210 3814 Gradus·

994 154 1515 242 Monumenta

1293 303 1380 347 les,
1407 309 1477 341 aut
1504 300 1711 340 Coronam
1738 295 1933 348 Domini,
1960 297 2025 339 vel
2049 295 2280 352 ejusdem.)

1292 359 1523 402 Beatissimae
1539 358 1735 413 Virginis,
1750 366 1816 397 aut
1833 359 1992 397 tertiam
2008 365 2162 410 partem
2187 357 2276 397 Ro-

1294 419 1380 461 sarii
1407 427 1602 460 recitare:
1635 426 1705 457 aut
1732 412 2002 457 Christianam
2036 415 2278 455 Docti-inam

1291 478 1441 520 docere
1455 488 1468 517 :
1483 486 1548 516 aut
1566 472 1743 517 infirmos
1759 472 1928 528 alicujus
1946 470 2187 528 Hospitalis,
2206 471 2276 512 vel

1290 537 1477 580 detentos
1494 537 1533 576 in
1548 548 1710 577 carcere
1730 532 1916 576 visitare:
1944 530 2004 573 seu
2032 529 2275 585 pauperibus

1294 594 1444 637 Christi
1462 592 1675 637 subvenire
1689 606 1704 636 ε
1719 592 1782 634 vel
1800 589 2055 635 Sacrosaneto
2071 585 2188 632 Missae
2205 591 2278 631 Sa,

1291 652 1448 695 crificio
1463 652 1648 697 interesse
1664 666 1678 696 ε
1696 652 1755 694 vel
1773 650 1875 694 illud
1890 675 1904 698 ‚
1939 648 1965 691 si
1982 649 2058 691 sint
2074 645 2278 690 Sacerdo-

1293 712 1606 762 tes,celebrare
1618 710 1904 754 consueverint
1921 722 1935 752 ε
1954 722 2000 750 ac
2025 709 2119 749 vere
2146 704 2284 749 (imili-

1292 779 1357 810 ter
1382 770 1628 822 poenitentes
1640 772 1703 818 ,&
1714 767 1876 812 confeffi
1891 766 2111 810 Sacerdoti
2136 767 2183 808 ab
2202 765 2282 807 Or·-

1291 825 1451 868 dinario
1464 828 1691 880 approbato
1711 825 2001 869 Sanfflffimum
2017 826 2103 869 Eue
2112 823 2280 868 harissiz

1292 882 1597 925 Sacramentum
1615 881 1911 939 sumpserint,in
1924 887 2063 942 aliquo
2073 899 2123 928 ex
2137 885 2279 927 diebus

1293 936 1573 992 infrascriptis:
1589 953 1732 997 nempe
1745 941 2005 994 Nativitatis‚
2025 945 2279 999 Epiphania,

1295 995 1545 1039 Ascensionis
1561 1000 1724 1042 Domini
1737 1029 1755 1052 ,
1766 1001 2028 1045 Pentecostes
2041 1027 2056 1050 s
2076 1000 2163 1044 festi
2180 1003 2280 1044 San-

1294 1053 1464 1098 &iffimae
1481 1058 1700 1099 Trinitatis
1715 1083 1731 1105 ‚
1759 1062 1958 1113 Corporis
1982 1059 2136 1103 Christi
2161 1073 2175 1104 s
2207 1062 2285 1112 Pu·

1293 1111 1532 1157 rificationis
1553 1139 1567 1162 ‚
1582 1116 1927 1159 Annunciationis
1941 1143 1958 1167 ,
1976 1116 2278 1173 Assumptionis,

1292 1175 1331 1216 &
1347 1173 1581 1216 Nativitatis
1613 1177 1746 1218 Beatae
1761 1176 1898 1218 Mariae
1915 1174 2098 1231 Virginis
2116 1188 2131 1220 τ
2158 1177 2279 1220 Nati-

1293 1232 1429 1275 vitatis
1442 1232 1575 1275 Sand'ti
1589 1233 1752 1290 loannis
1765 1234 1945 1290 Baptistae
1959 1260 1974 1280 ι.
2007 1236 2277 1280 §audior-um..

1293 1291 1403 1335 Petri
1433 1291 1625 1342 &Pauli,
1657 1292 1831 1336 Andreoe
1845 1319 1861 1342 2
1884 1292 2027 1350 Jacobi
2039 1321 2056 1344 ,
2082 1293 2245 1352 Joannis
2260 1319 2278 1345 ,

1293 1353 1484 1401 Theman,
1517 1351 1691 1409 Philippi
1714 1352 1926 1408 &jacobi‚
1954 1352 2240 1397 Bartholomaei
2255 1381 2276 1406 ‚

1292 1410 1490 1459 Matthaei‚
1505 1411 1679 1455 Simonis
1698 1412 1739 1454 δι
1750 1412 1885 1470 Judae,
1900 1426 1947 1455 ac
1961 1411 2142 1456 Matthia
2158 1415 2273 1468 Apo·

1288 1468 1484 1515 stolorum
1507 1471 1550 1512 δι
1571 1470 1753 1514 omnium
1781 1474 2044 1515 sandiorum:
2071 1480 2195 1528 atque
2228 1482 2280 1513 eo

1290 1528 1358 1571 die
1374 1529 1457 1583 pias
1468 1529 1517 1571 ad
1538 1533 1668 1573 Deum
1684 1543 1821 1585 preces
1847 1529 2066 1574 effuderint
2095 1542 2175 1587 pro
2198 1528 2280 1572 11ae-

1291 1587 1422 1630 resum
1434 1589 1472 1630 &
1485 1586 1735 1633 schismatum
1748 1589 2027 1647 extirpatione
2042 1617 2058 1640 ,
2085 1602 2162 1646 pro
2179 1586 2274 1631 fidei

1290 1646 1517 1690 Catholicae
1551 1649 1840 1705 propagatione
1865 1676 1882 1700 ,
1921 1647 2278 1691 Christianorum.»

1290 1705 1524 1762 Principum
1547 1706 1772 1750 concordia
1811 1736 1827 1760 ,
1850 1715 1974 1763 atque
2003 1705 2093 1750 aliis
2129 1705 2280 1748 Sanetoe

1290 1763 1433 1805 Matris
1467 1763 1651 1807 Ecclesioe
1679 1765 2017 1819 necessitatibus,
2032 1767 2076 1808 in
2107 1763 2275 1820 singulis

1287 1821 1431 1864 diebus
1463 1821 1691 1877 hujusmodi
1740 1823 1967 1865 Plenariam
2004 1822 2169 1878 pariter.
2190 1835 2278 1864 om·-

1288 1879 1398 1921 nium
1413 1890 1677 1933 peccatorum
1694 1879 1854 1925 suorum
1875 1879 2175 1937 Indulgentiam
2188 1906 2204 1930 ‚
2233 1881 2275 1924 δε

1288 1936 1553 1980 remissionem
1577 1938 1896 1984 misericorditer
1921 1939 1964 1982 in
1984 1938 2165 1984 Domino
2179 1951 2282 1982 con-

1289 1997 1473 2040 cedimus
1490 2026 1504 2038 .
1536 1995 1732 2044 Praemissa
1762 2009 1899 2046 autem
1926 1999 2210 2057 peragentibus
2237 1997 2280 2041 in

1290 2056 1380 2100 aliis
1392 2055 1558 2113 quIdem
1572 2058 1719 2102 diebus
1739 2056 1844 2104 festis
1861 2061 2024 2104 Domini
2041 2055 2278 2114 NostriJesu

1290 2116 1443 2161 Christi
1459 2144 1473 2167 ,
1505 2120 1568 2162 vel
1586 2119 1716 2162 Beatoe
1732 2120 1868 2164 Maria
1881 2119 2063 2173 Virginis
2079 2144 2096 2169 ,
2125 2115 2278 2174 septem

1287 2189 1415 2219 annos
1431 2205 1445 2229 ,
1457 2175 1499 2218 δι
1515 2178 1694 2236 totidem
1709 2178 2017 2236 quadragenas:
2030 2179 2070 2221 iu
2084 2189 2273 2234 quoeun-

1284 2248 1364 2291 que
1375 2237 1442 2281 die
1458 2238 1678 2280 Dominieo
1690 2268 1705 2289 ,
1723 2237 1788 2281 seu
1807 2239 1890 2282 alio
1902 2239 1995 2281 anni
2010 2235 2111 2280 festo
2125 2235 2274 2293 ,quino

1282 2308 1364 2351 que
1378 2308 1504 2339 annos
1519 2297 1584 2346 ,δε
1599 2297 1773 2345 totidem
1785 2297 2060 2352 quadragenas
2072 2306 2088 2338 ε
2109 2295 2150 2336 in
2165 2305 2273 2348 quo·

1283 2353 1387 2396 libet
1405 2354 1502 2397 vero
1513 2354 1597 2395 alio
1609 2352 1704 2396 anni
1716 2350 1807 2403 dte,
1820 2362 1980 2398 centum
1997 2351 2085 2395 dies
2098 2363 2114 2395 =
2131 2349 2269 2395 simili-

1282 2421 1347 2454 ter
1365 2410 1413 2455 iis
1425 2437 1443 2465 ,
1455 2409 1523 2465 qui
1540 2411 1733 2455 detentos
1751 2412 1790 2454 iu
1808 2423 1971 2456 carcere
1984 2437 1999 2463 ,
2015 2410 2078 2454 vel
2097 2407 2276 2455 infirmos

1280 2468 1444 2520 alicuius
1474 2467 1698 2523 Hospitalis
1726 2469 1979 2511 visitaverint
1994 2494 2010 2516 a
2040 2469 2098 2512 eis
2132 2468 2272 2524 aliquo

1281 2526 2268 2643 &gfffffizins‘zz'ssz‘ffissiz·‚2:¹202‘3⁶ss::‚⁰;:1¹::.

1282 2644 1388 2688 filios
1403 2673 1419 2697 ,
1442 2644 1788 2700 consanguineos,
1813 2643 1882 2688 vel
1912 2642 2083 2688 samulos
2111 2645 2269 2689 docue-

1283 2705 1365 2748 rint
1378 2732 1394 2756 ,
1406 2703 1566 2761 quoties
1580 2703 1661 2746 ltoec
1678 2700 1851 2747 fecerint
1864 2728 1879 2753 ‚
1908 2703 2113 2747 ducentos
2144 2703 2230 2748 dies
2246 2715 2262 2749 e

1282 2762 1374 2808 inis
1385 2758 1544 2819 insuper
1555 2790 1571 2815 ,
1591 2762 1660 2817 qui
1674 2774 1876 2820 campane
1889 2760 2059 2820 alicujus
2073 2761 2263 2807 Ecclesia

1283 2821 1334 2866 ad
1349 2820 1388 2865 id
1405 2820 1503 2865 dato
1518 2819 1656 2878 figno,
1681 2821 1761 2866 ssve
1783 2821 2010 2875 matutino,
2036 2821 2116 2866 sive
2140 2822 2268 2866 rneri-

1282 2881 1434 2934 diano,
1465 2881 1544 2925 sive
1577 2878 1807 2938 vespertino
1832 2880 2047 2926 consuetas
2077 2893 2219 2938 preces
2247 2891 2263 2925 ε

1284 2941 1453 2997 Angelus
1473 2938 1635 2984 Dourim'
1651 2940 1733 2990 (σε.
1750 2938 1860 2992 vel,si
1876 2952 1943 2984 eas
1963 2940 2106 2997 ignora
2113 2940 2265 2990 verint,

1282 2999 1400 3044 semel
1415 3000 1652 3044 Orationem
1672 3000 1942 3049 Dominicam,
1956 2996 2129 3045 &semel
2143 2998 2264 3050 etiam

1279 3058 1574 3104 Salutationem
1589 3057 1851 3114 Angelicam:
1883 3068 1952 3103 aut
1985 3059 2134 3116 pariter
2164 3056 2263 3103 dato

1280 3116 1394 3161 simili
1421 3119 1532 3175 signo
1555 3131 1629 3174 pro
1644 3116 1840 3163 defundis
1857 3116 2058 3164 psalmum
2089 3120 2153 3162 De
2171 3125 2264 3173 pne

1266 3174 1407 3235 fandis
1426 3203 1440 3227 ‚
1455 3177 1539 3229 vel,
1554 3174 1578 3220 si
1596 3176 1698 3222 illud
1713 3177 1981 3231 nesciverint,
2007 3175 2131 3222 semel
2157 3177 2264 3220 Ora·

1278 3237 1432 3281 tionem
1449 3237 1730 3287 Dominicam,
1754 3237 1792 3280 δι
1820 3235 1941 3282 semel
1957 3235 2255 3280 Salutationem

1276 3295 1516 3353 Angelicam
1532 3293 1713 3352 prefatas
1742 3296 2002 3342 recitaverint
2018 3310 2029 3338 t
2060 3295 2182 3353 quive
2197 3288 2259 3335 se·

1276 3356 1333 3399 ria
1361 3353 1468 3400 sexta
1499 3354 1712 3410 cujuslibet
1730 3353 1994 3400 hebdomade
2010 3352 2255 3402 Passionem,

1274 3416 1313 3458 δι
1330 3417 1505 3460 Mortem
1524 3415 1687 3459 Domini
1702 3414 1839 3460 Nostri
1856 3413 1936 3472 iesu
1950 3411 2098 3457 Christi
2121 3410 2256 3453 devo·

1275 3474 1316 3516 te
1331 3474 1511 3517 meditati
1529 3474 1679 3519 fuerint
1694 3502 1708 3527 ,
1733 3487 1781 3519 ac
1802 3485 1863 3519 ter
1876 3484 1928 3518 eo
1936 3471 2003 3516 die
2012 3470 2256 3514 Orationem

1276 3534 1526 3579 Dominicam
1541 3561 1556 3585 ,
1581 3534 1622 3577 δε
1642 3533 1762 3578 toties
1775 3530 2066 3577 Salutationem
2084 3527 2254 3585 Angeli-

1270 3606 1360 3636 catn
1372 3591 1611 3649 supradictas
1625 3591 1824 3636 dixerintt
1855 3587 1917 3632 vcl
1933 3590 2026 3645 ,qui
2041 3602 2133 3632 cum
2156 3599 2253 3632 vero

1271 3653 1419 3697 dolore
1440 3650 1493 3697 de
1506 3651 1709 3707 peccatis,
1739 3650 1780 3692 δι
1808 3647 1933 3692 stabili
1962 3646 2252 3693 emendationis

1272 3709 1480 3768 proposito
1496 3708 1779 3753 conscientiam
1800 3708 1905 3752 suam
1917 3707 2249 3753 examinaverint,

1270 3784 1317 3814 ac
1333 3780 1394 3814 ter
1408 3768 1650 3812 Orationem
1666 3768 1924 3813 Dominicam
1937 3795 1953 3820 ,
1983 3767 2022 3810 δι
2037 3766 2162 3865 toties
2179 3769 2247 3809 sae

2148 3835 2187 3864 u-
