2496 4172
1025 173 1457 290 Apostolica
1481 240 1498 258 .

252 338 331 387 que
344 325 527 369 Sardiniae
543 327 726 383 Regum,
750 324 998 380 aliorumque
1014 321 1221 377 supremo-

251 402 340 432 rum
356 386 589 438 Principum
602 415 616 436 ,
625 388 665 428 δι
678 386 910 439 Magnarum
921 411 936 434 ,
947 382 1219 436 complurium

250 458 440 504 praeterea
465 449 504 488 S.
520 445 567 487 R.
584 446 632 487 E.
651 443 927 487 cardinalium
941 468 956 492 ,
985 441 1222 484 Antistitum

248 506 550 552 Ecclefiarum,
577 514 698 559 atque
730 499 1070 551 Univerfitatum,
1099 511 1222 553 expe·

251 566 313 619 ti,
337 574 383 606 ut
410 563 463 606 de
479 558 835 618 solemniejusdcm
862 557 976 601 Beati
989 559 1223 601 Canoniu-

248 626 364 666 tione
377 649 392 670 ,
417 621 520 677 juxta
536 621 673 663 Ritum
695 620 736 660 δι
752 618 907 674 praxim
921 619 1048 659 Sacrae
1062 618 1217 659 Roma-

250 696 308 725 nae
325 683 456 725 Ecclae
481 679 643 724 tandem
666 692 688 720 a
718 687 883 728 eretur3
909 676 1064 733 placuit
1090 674 1221 718 eidem

254 737 563 791 Praedeceffori,
597 750 675 793 prae
692 746 758 778 ata
783 734 1121 790 congregatione
1149 747 1222 788 ap-

250 801 449 855 probante
470 825 487 849 ,
512 809 588 854 pro
612 793 834 851 hujusmodi
862 795 1001 837 Causae
1028 791 1220 836 reaffum·

247 858 388 915 ptione
402 853 730 900 Commiffionem
755 852 908 910 fignare
925 882 940 905 ,
964 854 1003 895 δι
1025 850 1222 907 compila-

248 914 361 959 tione
383 927 577 957 novorum
594 909 850 958 Proceffuum
863 942 880 964 ,
906 911 1020 968 super
1035 909 1222 954 indicatis

249 973 457 1018 Miraculis
471 973 559 1029 post
571 972 772 1015 indultam
783 975 976 1029 joranno
995 969 1224 1013 veneratio-

248 1046 338 1076 nem
354 1030 526 1087 sequutis
540 1059 554 1082 ,
576 1033 819 1076 auctoritate
834 1028 1094 1087 Apostolica,
1120 1041 1224 1071 non-

248 1091 368 1136 nullis
385 1090 592 1148 Episcopis
605 1091 657 1134 de
676 1104 787 1133 more
803 1089 993 1145 delegare
1006 1117 1019 1131 .

363 1152 554 1210 Qorum
572 1147 826 1194 Proceffuum
844 1149 1052 1191 validitate
1074 1159 1220 1202 appro-

245 1210 338 1253 bata
353 1235 368 1259 ,
391 1209 514 1252 Nobis
529 1208 611 1265 jam
631 1209 706 1252 Dei
724 1208 937 1252 voluntate
955 1209 993 1250 in
1010 1208 1122 1250 Petri
1139 1208 1222 1247 Ca-

246 1267 393 1311 thedra
409 1264 637 1312 sedentibus
649 1297 666 1319 ,
691 1265 758 1310 sex
772 1265 1009 1321 potissimum
1023 1263 1223 1307 Miracula

247 1327 287 1368 in
315 1325 476 1379 praesata
497 1331 711 1371 Sacrorum
728 1326 898 1368 Rituum
922 1321 1222 1380 congregatio·

232 1383 365 1428 nibus
385 1385 542 1427 iteratis
558 1385 709 1427 vicibus
738 1384 817 1427 rit⁸e
842 1381 1004 1426 discussa
1029 1381 1221 1431 fuerunt3

245 1441 299 1485 de
312 1442 456 1499 quibus
468 1470 484 1494 ,
509 1441 715 1499 postquam
731 1446 816 1486 Nos
829 1441 898 1497 ipfi
916 1441 1092 1497 suffragia
1105 1441 1222 1482 Con-

246 1500 443 1545 fitltorum
467 1501 736 1557 perlegimus,
764 1500 1095 1544 &cardinalium
1122 1511 1220 1556 prat·

245 1559 446 1605 dietomm
472 1558 639 1604 confilia
665 1559 891 1602 audivimus
915 1559 956 1602 in
982 1560 1221 1614 Congrega-

245 1614 361 1662 t'ione
373 1618 564 1661 Generali
581 1631 715 1661 coram
729 1619 856 1661 Nobis
871 1617 1006 1660 habita
1019 1616 1087 1662 die
1098 1620 1172 1657 xxt'
1186 1629 1220 1656 r.

243 1677 496 1734 Septembris
510 1675 614 1718 Anni
630 1689 809 1719 nnccxt.
819 1688 833 1717 1
844 1689 878 1717 va
889 1700 904 1724 ,
917 1673 1020 1717 nihil
1035 1677 1122 1718 Nos
1134 1671 1222 1730 qui-

243 1734 336 1779 dem
349 1745 447 1776 tunc
464 1734 812 1789 pronunciavimus
827 1760 842 1783 ,
864 1731 931 1777 led
949 1732 1146 1775 invocato
1157 1728 1222 1774 Γε-

242 1795 334 1852 pius
347 1792 481 1862 Pit-tini
495 1790 656 1836 luminis
670 1792 877 1850 adjutorio
889 1819 905 1843 ‚
924 1788 1116 1847 novisque
1128 1790 1221 1832 dili-

246 1847 508 1954 {ga-'52:¹3¹
523 1848 871 1953 3533&ssss
887 1849 1224 1952 ’.2‘1332133133

248 1967 446 2021 subortae,
466 1965 563 2010 dum
579 1967 739 2011 interim
757 1966 923 2023 privatis
947 1966 1083 2011 studiis
1099 1979 1224 2009 rem-0

248 2038 380 2072 totam
404 2027 454 2069 ad
471 2023 667 2069 summum
681 2025 820 2084 judieii
836 2027 1010 2082 rigorem
1041 2025 1221 2080 exigere-

246 2099 354 2136 mus,
369 2083 534 2130 demum
545 2086 612 2130 die
627 2086 754 2142 prima
770 2085 868 2140 Maii
882 2090 1190 2130 Ari-unccxtv·
1204 2110 1220 2134 ,

247 2146 289 2188 in
315 2145 432 2188 Festo
453 2145 687 2188 Sanctorum
716 2144 1005 2200 Apostolorum
1025 2142 1166 2200 Jacobi
1181 2144 1219 2183 δι

248 2203 458 2259 Philippi,
483 2202 687 2247 celebrata
711 2202 822 2247 Miffa
847 2205 886 2247 in
913 2203 1075 2248 Bafilica
1103 2204 1222 2245 Late·

249 2264 438 2312 ranenfi,
468 2263 631 2316 publico
655 2264 837 2306 Decreto
860 2262 1000 2315 edito,
1024 2258 1224 2304 infrascri-

248 2331 320 2375 pta
334 2320 418 2362 duo
429 2319 623 2361 Miracula
640 2323 755 2363 tertii
769 2322 927 2376 generis
942 2321 1055 2364 omni
1067 2332 1117 2364 ex
1129 2330 1223 2375 par·

245 2389 291 2423 te
304 2376 473 2437 probata
487 2373 564 2420 effe
576 2376 874 2422 declaravimus
885 2407 901 2420 .

366 2437 544 2480 Primum
557 2435 610 2480 est
624 2435 894 2481 consolidatio
907 2437 1088 2482 crurium
1108 2436 1150 2478 δι
1163 2431 1223 2476 se-

245 2507 406 2538 morum
423 2491 701 2549 pueriJosepbi
718 2495 926 2550 Dionysii,
944 2496 1012 2550 qui
1027 2491 1095 2538 inf
1138 2496 1146 2503 “
1179 2507 1224 2536 ra

247 2550 476 2605 hujusmodi
499 2552 674 2594 membra
696 2552 802 2594 adeo
817 2552 968 2596 debilia
989 2554 1030 2595 δι
1096 2554 1103 2561 ’
1172 2551 1224 2592 da

250 2610 302 2652 ab
315 2619 433 2653 utero
451 2609 594 2651 Matris
607 2609 794 2653 attulerat
806 2637 824 2660 ,
846 2619 892 2652 ut
904 2610 950 2652 iis
967 2609 1084 2653 nullo
1097 2608 1227 2652 inodo

249 2680 395 2725 eorpus
418 2667 627 2710 sustentare
639 2666 793 2724 possets
823 2668 918 2725 quin
935 2669 1059 2712 immo
1073 2696 1089 2719 ,
1101 2679 1230 2724 quum

249 2740 399 2772 eorum
427 2727 696 2769 membrorum
721 2739 862 2770 earnes
885 2755 900 2779 ,
927 2726 1087 2770 linteoli
1114 2726 1192 2768 ritu
1213 2751 1230 2778 ,

249 2784 570 2844 quaquaversum
584 2785 936 2841 complicarentur,
945 2786 1088 2830 ollibus
1104 2800 1152 2829 ea
1165 2797 1228 2826 ca.

251 2855 342 2889 rere
357 2845 525 2888 omnino
547 2846 810 2900 putabantur:
835 2847 956 2890 Hunc
970 2848 1099 2889 Mater
1112 2846 1227 2889 bien·

251 2901 400 2959 niiiam
416 2906 535 2946 etate
551 2901 606 2945 nil
623 2902 899 2958 proficientem
915 2932 930 2957 ,
949 2903 1136 2949 adAram
1152 2902 1226 2945 ad-

253 2962 402 3012 duxit,
429 2961 496 3004 sub
521 2973 594 3016 qua
621 2962 951 3017 Bsartjoserur
986 2975 1133 3019 corpus
1158 2974 1225 3005 re·

254 3018 451 3077 quiescit3
481 3031 652 3075 cumque
665 3021 997 3078 Omnipotentem
1012 3022 1138 3066 Deum
1155 3033 1231 3078 pro

253 3078 469 3136 deplorata
491 3076 565 3122 filii
592 3077 758 3122 sanitate
782 3092 851 3135 per
876 3079 994 3138 ipfius
1009 3081 1119 3125 Beati
1144 3092 1227 3122 me·

252 3140 332 3182 rita
362 3151 453 3181 eum
483 3137 672 3193 lacrymis
695 3138 888 3183 exorflffet
907 3167 922 3190 ,
952 3140 1142 3184 exaudita
1175 3137 1230 3182 est

254 3197 386 3240 oratio
402 3195 486 3251 ejus
499 3223 514 3247 ,
544 3195 600 3239 ita
615 3207 658 3239 ut
673 3209 837 3252 puerum
865 3199 958 3242 inde
969 3200 1139 3257 pedibus
1153 3196 1230 3243 suis

255 3254 514 3300 incedentem
531 3253 700 3298 domum
717 3256 924 3300 reduxerit
940 3286 952 3299 .

256 3356 264 3372 1
372 3313 562 3358 Alterum
578 3311 635 3356 est
651 3313 799 3356 sanatio
818 3316 1002 3359 Antoniae
1016 3308 1231 3364 Motelliae,

255 3372 520 3430 euicongessa
537 3373 647 3416 tabes
676 3372 715 3415 in
733 3371 882 3416 finissra
896 3375 1072 3418 thoracis
1098 3377 1232 3431 regio-

257 3425 508 3476 n's‘interiora
524 3430 672 3475 viscera
688 3433 791 3474 adeo
818 3431 1040 3482 infecerat,
1070 3445 1116 3476 ut
1133 3434 1232 3478 licet

259 3491 450 3548 Chirurgi
466 3504 582 3536 manu
597 3501 788 3534 externus
803 3491 952 3534 tumori
982 3492 1107 3534 hiatus
1120 3505 1233 3547 aper-

257 3542 492 3603 tus'suerit,
518 3557 697 3592 attamen
716 3563 798 3593 non
829 3563 877 3592 ex
897 3563 949 3592 eo
975 3547 1102 3595 solum
1118 3575 1132 3598 ,
1163 3549 1231 3593 sed

257 3608 356 3663 sirpe
370 3608 490 3674 etiam
509 3620 559 3650 ex
585 3610 809 3665 aegrotantis
829 3621 900 3650 ore
915 3636 929 3659 ,
956 3608 1082 3651 sanies
1110 3608 1232 3654 mixta

256 3667 449 3722 sanguine
466 3664 693 3724 alternatim
711 3668 837 3710 fluere
860 3667 1084 3722 perrexerit
1096 3695 1112 3718 ,
1141 3667 1229 3710 affi-

254 3722 435 3781 duusque
452 3723 571 3766 dolor
599 3739 688 3768 cum
706 3728 794 3771 tuffi
826 3724 1009 3775 &febri,
1036 3725 1229 3769 hecticam

253 3776 467 3885 Mulie3-em
483 3781 644 3885 b'i'ffnio
666 3794 756 3831 toto
773 3787 953 3829 afflie‘tam
977 3786 1195 3831 detinuerit
1212 3799 1228 3840 3

407 3855 487 3884 om.
570 3868 583 3883 .

2028 198 2193 304 369

1281 323 1427 367 vulnus
1454 332 1588 366 autem
1612 328 1826 367 contnuo
1850 330 1960 371 callo
1976 358 1990 380 ,
2015 335 2053 374 in
2082 333 2252 377 fistulam

1278 382 1593 438 degeneraverit
1613 410 1627 433 ,
1650 397 1699 425 ex
1714 397 1794 438 qua
1821 382 1974 438 spiritus
2005 403 2072 440 per
2083 389 2255 443 respira-

1283 442 1435 483 tionem
1450 445 1609 497 pectore
1622 452 1810 496 exceptus
1824 442 1928 483 adeo
1942 444 2067 486 libere,
2081 461 2257 499 ρει-φρει-

1281 499 1373 554 bat,
1387 511 1431 542 ut
1446 500 1671 557 aliquando
1686 498 1861 541 candelae
1876 500 2032 540 flamam
2046 506 2258 557 extingue·

1282 570 1368 602 ret.
1385 561 1429 602 ln
1443 560 1519 603 hoc
1531 560 1744 615 desperato
1756 558 1995 601 valetudinis
2010 557 2259 612 statu‚quum

1280 619 1377 660 oleo
1390 632 1441 661 ex
1458 618 1644 675 lampade
1659 629 1751 661 ante
1763 631 1908 673 corpus
1924 619 2061 658 ΒεΑτι
2074 618 2256 671 lost-:rut

1279 679 1449 723 ardente
1466 676 1602 722 fistula
1616 677 1719 721 labia
1747 677 1908 719 inuncla
1924 672 2081 717 fuissent
2100 699 2114 723 ,
2143 675 2256 714 unius

1282 740 1410 781 nostis
1426 736 1554 792 spatio
1579 735 1702 779 fistula
1716 736 1897 785 coaluit,
1924 732 2099 777 absceilit
2121 729 2260 782 febris,

1281 799 1321 840 δι
1337 796 1456 840 dolor
1473 824 1488 848 ,
1517 795 1623 840 tuffis
1652 793 1811 838 ceffavit
1823 825 1839 847 ,
1868 795 1985 836 color
1999 822 2013 843 ,
2041 789 2262 847 viresque.)

1281 857 1484 900 redierunt
1498 885 1513 908 ,
1542 867 1664 912 atque
1680 856 1834 910 integra
1845 880 1859 903 ,
1873 854 1911 895 δι
1924 851 2179 909 perseverans
2193 862 2260 891 va-

1283 915 1424 959 letudo
1438 914 1603 958 Mulieri
1620 914 1676 957 est
1691 915 1891 958 restituta.

1399 975 1471 1016 His
1499 975 1623 1031 igitur
1641 973 1818 1030 probatis
1832 1000 1846 1024 ,
1873 984 1999 1027 quum
2031 970 2071 1012 in
2098 965 2262 1024 praefata

1284 1037 1501 1078 Sacrorum
1538 1034 1706 1076 Rituum
1730 1031 2060 1087 congregatione
2090 1039 2259 1070 corant..

1284 1094 1414 1137 Nobis
1432 1095 1571 1135 coacta
1598 1090 1665 1134 die
1683 1104 1773 1135 111.
1788 1089 1960 1146 Augusti
1974 1085 2151 1144 ejusdem
2174 1087 2262 1127 An-

1283 1152 1323 1194 ni
1341 1164 1561 1203 nuccxtv-
1578 1177 1594 1201 ,
1621 1149 1819 1206 propofita
1845 1148 1963 1190 fuerit
1990 1146 2150 1204 quaellio
2162 1172 2178 1196 ,
2209 1156 2262 1184 an

1283 1210 1376 1254 tuto
1395 1209 1561 1263 procedi
1582 1208 1703 1264 posset
1731 1208 1782 1250 ad
1796 1206 2016 1250 solemnem
2031 1202 2262 1256 BeanJo-

1282 1281 1405 1312 serat
1424 1268 1812 1314 canonizationem,
1825 1266 1973 1308 nemini
1986 1264 2156 1307 dubium
2171 1260 2259 1306 fuit,

1281 1327 1375 1383 quin
1393 1325 1506 1380 juxta
1523 1325 1677 1381 praxim
1694 1324 1933 1380 Apostolicae
1947 1323 2063 1366 Sedis
2077 1351 2092 1371 ,
2104 1322 2144 1360 &
2158 1321 2262 1361 Ρη·

1281 1381 1526 1428 deceil'orum
1542 1383 1784 1428 Nostrorum
1799 1383 1975 1426 Decreta
1992 1408 2007 1429 ,
2033 1377 2167 1420 omnia
2181 1376 2262 1430 jam

1281 1445 1332 1487 ad
1350 1443 1574 1500 hujusmodi
1587 1441 1771 1484 effectum
1795 1438 1957 1482 abunde
1970 1434 2226 1492 suppeterent
2241 1447 2260 1485 ς

1284 1502 1446 1558 Nosque
1465 1500 1531 1557 ipfi
1547 1502 1709 1544 demum
1723 1498 1791 1541 die
1805 1510 1878 1541 xvi
1895 1512 1927 1540 t.
1953 1495 2131 1552 ejusdem
2149 1506 2264 1535 men-

1283 1562 1327 1604 fis
1347 1563 1388 1603 δι
1402 1560 1496 1602 anni
1514 1586 1529 1610 ,
1550 1560 1591 1601 in
1606 1557 1871 1600 anniversario
1887 1554 2159 1610 alsumptionit
2175 1555 2266 1595 No-

1281 1620 1368 1663 stroe
1381 1644 1395 1667 ,
1419 1614 1593 1659 solemne
1609 1618 1832 1659 Decretum
1847 1614 2046 1657 edidimus
2058 1613 2109 1655 de
2122 1610 2264 1653 eadem

1282 1674 1614 1722 canonizatione
1630 1704 1645 1727 ,
1660 1672 1821 1717 servatis
1835 1672 2040 1717 servandis
2052 1698 2067 1723 ,
2078 1667 2265 1726 quandoe

1280 1748 1453 1792 cumque
1468 1733 1695 1791 peragenda
1708 1762 1720 1775 .

1383 1798 1463 1838 Pro
1474 1792 1582 1846 cuius
1596 1793 1749 1836 decreti
1762 1790 2016 1841 executione,
2028 1800 2150 1845 quum
2165 1798 2264 1843 pre-

1282 1853 1483 1897 diaorum
1511 1851 1784 1905 supremorum
1807 1849 2036 1906 Principum
2051 1875 2066 1899 ,
2088 1847 2261 1890 &Anti-

1284 1914 1420 1956 stitum
1434 1940 1451 1962 ,
1478 1925 1523 1954 ac
1545 1912 1796 1966 populorum
1820 1920 1915 1953 vota
1931 1937 1948 1960 ,
1974 1905 2267 1964 demilsaequea

1283 1971 1452 2016 Ordinis
1472 1970 1647 2027 predicti
1670 1971 1850 2012 Fratrum
1864 1969 2069 2010 Minorum
2083 1964 2265 2020 capuci-

1283 2046 1429 2075 norum
1445 2044 1583 2086 preces
1600 2059 1613 2080 ,
1643 2032 1729 2071 Nos
1744 2042 1891 2084 urgere
1907 2040 1988 2069 non
2003 2023 2234 2068 desisterent
2246 2050 2265 2072 ,

1280 2092 1442 2134 tandem
1470 2089 1773 2131 communicato
1795 2085 1965 2130 confilio
1990 2097 2084 2126 cum
2099 2083 2264 2125 univer-

1283 2150 1326 2194 so
1341 2148 1534 2204 Collegio
1562 2150 1667 2190 Ven.
1688 2148 1869 2189 Fratrum
1891 2143 2138 2188 Nostrorum
2164 2142 2267 2182 San-

1283 2213 1352 2253 &ae
1373 2210 1563 2249 Romane
1583 2204 1765 2249 Eccleliae
1779 2202 2055 2249 Cardinalium
2070 2202 2109 2242 in
2124 2200 2267 2242 Confi-

1285 2267 1406 2312 florio
1419 2264 1577 2308 secreto
1597 2264 1664 2306 die
1677 2272 1752 2305 xe!
1768 2277 1831 2306 ιι.
1856 2259 1976 2316 elapli
1991 2258 2129 2302 menfis
2143 2259 2268 2313 Apri-

1283 2327 1333 2370 lis
1355 2336 1492 2367 coram
1510 2322 1638 2366 Nobis
1652 2330 1998 2378 congregatorum
2014 2345 2028 2367 ,
2041 2328 2266 2373 eorumque

1283 2382 1428 2430 affensu
1447 2390 1617 2437 accepto
1627 2408 1644 2433 ,
1657 2381 1887 2437 complures
1903 2380 2175 2421 Ven.Fratres
2189 2381 2267 2419 Ar-

1283 2441 1562 2499 cbiepiscopos
1574 2442 1615 2483 dt
1630 2439 1853 2496 Episcopos
1873 2451 1922 2480 ex
1938 2447 2023 2480 tota
2038 2435 2164 2480 ferme
2180 2436 2268 2477 Ita-

1285 2504 1341 2546 lia
1369 2501 1421 2544 ad
1438 2498 1710 2555 graviffimum
1722 2499 1931 2542 confilium
1946 2496 2234 2539 advocavimus
2247 2503 2266 2545 ὅ

1284 2571 1514 2614 eorumque
1530 2556 1677 2608 iudicio
1690 2566 1820 2599 totam
1837 2555 1953 2609 hujus
1967 2554 2091 2598 cause
2107 2551 2267 2600 scriem,

1287 2627 1409 2673 atque
1421 2615 1555 2659 omnia
1571 2642 1586 2666 ,
1609 2628 1694 2669 quae
1707 2614 1758 2655 de
1773 2614 1989 2656 virtutibus
2011 2613 2051 2654 δι
2066 2610 2266 2654 miraculis

1290 2680 1428 2721 nea-ri
1444 2675 1615 2727 lost-:rm
1636 2674 1804 2727 probata
1825 2673 1980 2715 fuerant
1995 2696 2009 2719 ,
2027 2680 2114 2713 tum
2128 2679 2268 2711 orete-

1289 2749 1363 2779 nus
1388 2735 1428 2778 in
1441 2731 1692 2776 Consiliorio
1707 2731 1870 2787 publico
1883 2743 2019 2774 coram
2039 2727 2164 2772 Nobis
2195 2729 2269 2770 ha-

1290 2796 1380 2839 bito
1395 2822 1410 2845 ,
1434 2794 1472 2835 in
1490 2805 1572 2848 quo
1599 2791 1772 2832 Dilectus
1793 2791 1915 2832 Filius
1945 2788 2158 2843 Philippus
2177 2789 2267 2829 Ma·

1290 2854 1348 2898 tia
1366 2849 1683 2902 Pirellius,Aulae
1702 2849 1853 2893 Nostrae
1868 2846 2160 2892 consistorialis
2179 2843 2268 2888 Ad-

1290 2921 1475 2958 vocatns‚
1494 2910 1608 2967 ipfius
1623 2909 1731 2951 Beati
1745 2910 1915 2951 Causam
1933 2907 2142 2961 peroravit
2155 2914 2267 2956 ,tum

1290 2973 1330 3015 in
1349 2970 1503 3024 scriptis
1518 2969 1667 3025 exponi
1684 2967 1983 3012 mandavimus}
1997 2963 2145 3008 traditi
2158 2976 2268 3006 nem·

1290 3041 1342 3088 pe
1363 3029 1525 3085 singulis
1550 3026 1734 3071 distincta
1751 3023 2034 3082 praemiss'orum
2049 3025 2266 3066 omnium„

1290 3088 1517 3137 relatione,
1541 3101 1593 3129 ex
1608 3086 1846 3129 authenticis
1873 3082 2144 3127 monumentis
2168 3094 2268 3137 prz-

1290 3146 1382 3192 fatae
1406 3146 1747 3203 Congregationis
1770 3148 1987 3188 Sacrorum
2004 3143 2175 3184 Rituum
2203 3153 2268 3180 re-

1291 3207 1436 3263 ligiose
1450 3203 1658 3262 desumpti
1674 3232 1686 3245 .
1717 3204 1876 3261 Quibus
1901 3199 2120 3258 pramiffis,
2154 3195 2268 3239 aliud

1291 3265 1580 3310 Confistorium
1593 3264 1660 3308 die
1671 3277 1721 3306 xi
1736 3278 1748 3307 ι
1765 3277 1798 3305 ι.
1824 3261 1995 3305 labentis
2009 3256 2150 3300 menfis
2160 3254 2267 3312 Junii

1290 3327 1498 3380 coegimus
1514 3352 1529 3377 ,
1543 3325 1583 3366 in
1598 3338 1680 3380 quo
1692 3350 1704 3371 ‚
1726 3332 1867 3377 praeter
1882 3322 1986 3362 Ven.
2002 3320 2163 3360 Fratres
2178 3316 2267 3357 No-

1291 3383 1392 3427 stros
1409 3387 1449 3428 S.
1466 3386 1518 3427 R.
1536 3386 1585 3426 F..
1603 3380 1844 3426 cardinales
1859 3406 1874 3430 ,
1890 3377 2092 3433 predictos
2106 3384 2266 3428 quoque

1290 3443 1544 3487 patriarchas
1556 3468 1571 3490 ,
1598 3436 1935 3491 Archiepiscopos
1952 3464 1967 3485 ,
1989 3437 2029 3476 ἃ
2045 3432 2266 3488 Epistopos

1289 3501 1330 3544 in
1348 3504 1534 3545 Romana
1547 3501 1669 3544 Curia
1684 3500 1892 3552 praesentes
1909 3493 2047 3535 sedere
2067 3489 2265 3547 jussimus,

1290 3569 1411 3614 atque
1424 3558 1668 3600 adstantibus
1683 3554 1920 3611 Apostolicae
1935 3552 2049 3595 Sedis
2065 3547 2266 3597 Notariis,

1291 3619 1330 3660 δι
1359 3617 1515 3660 duobus
1551 3614 1843 3672 antiquioribus
1870 3609 2088 3654 Causarum
2118 3605 2265 3651 Palatii

1291 3675 1428 3718 Nostri
1456 3674 1724 3718 Auditoribus
1741 3701 1756 3724 ,
1787 3672 1900 3726 super
1926 3669 2105 3724 expetita
2123 3670 2262 3711 Bi-:A‘rt

1281 3734 1462 3790 Joserffl
1493 3732 1669 3787 praedic‘ti
1695 3729 2021 3775 canonizatione
2051 3726 2264 3771 sententias

1287 3791 1450 3836 dicere.
1480 3794 1668 3848 Cumque
1681 3804 1823 3890 οωέεε
1838 3789 1889 3833 ad
1905 3802 2027 3832 unum
2040 3802 2118 3845 pro
2132 3787 2265 3838 supro-

1791 3864 1811 3893 a
1827 3862 1849 3892 a
2141 3860 2206 3888 ma
