2496 4172
962 144 1436 281 ‘Apostolica
1465 207 1483 226 .

231 291 350 343 efflet,
376 291 696 346 prohibitionem
721 291 939 336 accedendi
970 294 1020 336 ad
1039 293 1175 337 Indias
1193 323 1209 344 ‚

227 353 265 398 δι
285 350 507 393 Civitatem
523 353 685 403 Goam,
709 352 807 395 alias
833 354 949 407 quam
970 367 1040 409 per
1055 353 1207 396 Lufita-

142 454 145 456 ,
231 409 333 451 niam
347 436 362 460 ,
385 421 477 450 eum
491 407 587 465 ,qui
602 409 849 465 sperabatur,
867 408 1036 455 frudum
1048 410 1206 456 minime

229 465 432 521 protulisse
446 497 459 519 ,
473 482 545 511 nec
566 467 782 511 Catholicae
798 469 914 511 fidei
943 469 1204 527 propagatio-

231 525 292 566 nis
318 526 483 581 negotio
512 527 652 572 utilem
669 522 805 569 fuisse:
839 528 892 568 Et
917 538 1149 583 propterea,
1168 536 1208 567 ut

233 592 390 626 tantum
406 597 503 639 opus
521 578 623 637 Dei',
637 583 796 628 sublato
812 586 922 628 omni
942 586 1204 640 impedimen·

231 649 279 682 to
296 642 424 686 libere
440 644 576 701 peragi
589 641 726 698 poffet,
743 643 957 698 providere
975 642 1205 694 volens,iti·

233 701 324 743 dem
370 715 441 755 per
482 700 668 756 quasdam
710 699 792 742 suas
834 701 989 745 litteras
1019 702 1202 744 omnibus

229 760 272 803 δε
298 760 454 815 lingulis
473 759 697 803 Ordinibus
718 759 1041 804 Mendicantium
1067 761 1198 814 Magi·

230 817 319 859 sttis
335 844 348 866 ,
367 817 656 863 Minium-,seu
675 818 879 860 Prioribus
908 820 1198 870 Generalibus,

231 886 299 917 aut
314 876 396 918 alio
409 888 660 932 quocumque
674 877 839 919 nomine
867 878 1096 931 nuncupatis
1114 878 1195 919 Or-

233 933 372 976 dinum
387 936 595 990 Capitibus
608 961 621 984 ,
638 943 753 982 tunc,
769 936 809 976 δι
825 949 898 990 pro
913 946 1097 991 tempore
1111 937 1194 980 exi-

230 991 432 1042 fientibus,
452 1003 601 1041 uncum
618 992 817 1037 neceffitas
833 994 1065 1048 postularet,
1082 993 1196 1051 quos·

232 1049 332 1093 libet
358 1049 520 1094 Ordinis
549 1049 602 1094 sui
624 1053 799 1107 spestatae
816 1055 907 1094 vitae
923 1082 936 1104 ,
954 1053 1197 1095 &eruditio-

232 1111 292 1151 nis
311 1107 532 1164 Religiosos
544 1139 559 1161 ,
587 1124 685 1166 quos
700 1111 886 1153 nimirum
916 1113 965 1153 ad
985 1112 1198 1165 predicta..

230 1166 390 1216 officia,
417 1169 458 1209 δι
472 1168 602 1210 munia
619 1169 781 1212 idoneos
797 1195 811 1218 ,
841 1170 1011 1211 &utiles
1043 1169 1128 1211 fore
1159 1170 1199 1210 in

159 1260 162 1263 .
232 1227 413 1268 Domino
443 1224 704 1280 judicassent,
734 1225 785 1270 ad
817 1228 1044 1282 Superiores
1074 1228 1196 1269 Ordi-

234 1298 330 1327 num
343 1313 358 1336 ,
374 1285 412 1326 in
435 1284 514 1328 illis
532 1285 705 1340 partibus
732 1285 964 1334 existentes,
993 1286 1114 1327 etiam
1128 1297 1199 1340 per

232 1343 351 1384 aliam
363 1344 486 1390 viam,
503 1343 618 1397 quim
636 1357 707 1397 per
723 1343 975 1391 Lusitaniam,
991 1343 1199 1398 inJaponi-

231 1413 298 1442 cas
313 1426 328 1450 ,
350 1400 388 1441 δι
412 1399 510 1441 alias
532 1401 612 1443 illis
639 1400 859 1454 adjacentes
876 1402 1102 1444 Provincias
1116 1430 1131 1453 ,
1159 1402 1200 1443 dt

230 1457 416 1501 finitimas
448 1456 595 1501 Insulas
611 1484 626 1508 ,
660 1460 917 1513 Provincias,
945 1462 983 1502 δι
1001 1460 1198 1515 Regiones

227 1517 423 1574 predictas
436 1541 450 1564 ,
467 1515 616 1560 servata
634 1517 672 1560 in
687 1517 847 1572 reliquis
872 1520 1068 1562 distarum
1087 1519 1197 1560 litte·

229 1588 363 1619 rarum
378 1574 601 1619 Clementis
618 1574 911 1620 Proedecefforis
938 1575 1065 1621 forma
1081 1605 1094 1628 ,
1119 1578 1193 1621 itu

229 1633 411 1677 omnibus
425 1634 465 1682 δι
479 1646 546 1688 per
560 1636 691 1678 omnia
704 1661 718 1684 ,
745 1637 785 1678 Gt
798 1649 875 1678 non
896 1636 1016 1679 aliter
1028 1662 1042 1685 ,
1066 1633 1192 1677 trans·

231 1691 392 1735 mittere
407 1691 533 1735 libere
548 1721 562 1745 ‚
578 1695 615 1736 &
636 1694 747 1736 licite
764 1695 961 1747 valerent,
973 1695 1118 1750 pariter
1133 1695 1192 1735 in·

230 1748 407 1794 dulserat
422 1775 433 1790 .
450 1752 522 1795 Pia
536 1754 734 1796 memorio
749 1753 933 1797 Urbanus
961 1755 1062 1809 Papa
1077 1754 1194 1795 vm.

230 1807 410 1852 {imiliter
428 1810 687 1854 Praedecessbr
700 1812 838 1855 noster
848 1811 1094 1856 considerans
1105 1840 1119 1863 ,
1131 1824 1197 1853 ex·

233 1868 431 1922 perientia
448 1869 709 1922 plurimorum
723 1883 917 1913 annorum
944 1881 1198 1926 compertum

233 1921 348 1966 fuisse
377 1925 648 1973 ordinationes
678 1927 716 1969 in
733 1928 900 1983 praesatis
932 1928 1077 1971 litteris
1102 1942 1199 1970 con·-

233 1990 364 2025 tentas
379 1995 455 2023 non
476 1980 677 2034 sufficere,
703 1987 842 2041 easque
865 1986 995 2040 aliqua
1009 1986 1197 2041 provino.

234 2053 288 2083 ne
306 2039 513 2096 indigere,
527 2052 568 2084 ut
587 2043 625 2085 in
644 2043 729 2096 ipsis
746 2043 883 2087 insulis
899 2075 915 2098 ,
940 2046 976 2087 δι
1007 2044 1195 2101 Regioni-

233 2099 303 2142 bus
325 2097 476 2142 felicius
489 2126 503 2149 2
518 2114 563 2144 ae
581 2099 737 2146 facilius
755 2103 1052 2146 sacmstnetum
1075 2102 1195 2144 Chri·

229 2156 277 2200 fii
297 2158 456 2199 Domini
483 2160 743 2214 Evangelium
756 2161 956 2214 pradicari
972 2187 986 2210 ,
998 2162 1039 2202 δι
1051 2172 1194 2213 propa-

229 2215 317 2270 gari
332 2215 454 2270 posset
470 2243 482 2266 ‚
511 2216 596 2270 post
610 2217 782 2258 habitam
798 2231 889 2266 cum
918 2228 1017 2261 tunc
1027 2214 1191 2260 exiss'en-

226 2273 335 2315 tibus
351 2275 390 2315 S.
409 2274 459 2315 R.
476 2273 818 2316 &cardinalibus
847 2276 1012 2331 negotio
1038 2278 1191 2330 Propa-

227 2329 362 2385 gandoe
378 2328 516 2389 Fidei,
542 2331 849 2386 peruniversum
875 2333 1067 2377 Mundum
1094 2347 1172 2388 prae

280 2386 358 2431 fitis
369 2397 564 2431 maturam
577 2388 1076 2449 deliberationem,prefati
1093 2394 1188 2435 Pau·

245 2446 256 2490 i
274 2445 563 2490 Praedecell'oris
588 2447 736 2491 litteris
758 2450 1162 2499 inhaerens,omnibus
1176 2479 1189 2501 ,

223 2504 265 2549 δι
291 2501 449 2560 nugulis
474 2505 732 2561 Religionum
759 2507 1044 2566 cuiuscumque
1070 2508 1191 2552 Ordi-

221 2562 284 2606 nis
297 2573 392 2611 ,aut
414 2562 584 2607 Instituti
597 2591 611 2614 ,
626 2569 747 2606 etiam
765 2568 969 2611 societatis
984 2569 1087 2624 Jesu‚
1106 2570 1191 2611 Ma-

225 2621 351 2675 gistris
363 2649 378 2673 ,
393 2621 596 2671 Ministris‚
611 2621 674 2665 seu
691 2625 893 2670 Prioribus
906 2626 1190 2677 Generalibus,

224 2688 296 2722 aut
330 2693 584 2736 quocumque
610 2683 771 2724 nomine
796 2686 1038 2740 nuncupatis
1062 2683 1188 2725 Ordi-

222 2750 317 2780 nuiu
332 2738 543 2794 Capitibus
557 2749 670 2791 tunc,
686 2742 723 2782 δι
741 2754 817 2795 pro
829 2754 1008 2800 tempore
1022 2741 1189 2784 existen-

217 2796 330 2838 sibus
361 2798 598 2840 auctoritate
634 2799 865 2854 Apolloli'ca
887 2800 1071 2845 conceffit
1094 2829 1108 2851 ,
1151 2801 1191 2841 δι

224 2853 414 2904 indulsit,
445 2866 486 2896 ut
505 2869 620 2906 ,cum
641 2858 698 2898 eis
715 2872 737 2899 e
847 2862 903 2904 ire
920 2859 1044 2904 visum
1059 2858 1160 2901 soret
1175 2886 1191 2909 ,

222 2912 425 2967 quoslibet
451 2911 605 2955 suarum
624 2913 875 2970 Religionum
890 2947 907 2970 ,
938 2917 1135 2962 Ordinum
1149 2918 1190 2959 δι

222 2969 452 3014 Institutum
470 2970 688 3025 Religiosos
699 2988 824 3029 ‚quos
838 2986 970 3028 atate,
986 2977 1085 3026 vita,
1100 2989 1187 3018 mo-

220 3028 332 3072 ribus
347 3057 360 3078 ‚
392 3029 430 3070 8ε
447 3027 605 3072 scientia
637 3029 804 3077 ido‘neos
834 3033 908 3079 effe
925 3035 975 3079 ad
992 3033 1190 3078 Miffiones

225 3084 456 3145 judiciiffent
486 3116 500 3139 ,
522 3089 569 3130 ad
596 3090 769 3144 pratitas
799 3093 952 3138 Insulas
972 3120 986 3143 ,
1018 3092 1187 3136 Provin-

221 3146 303 3188 cias
319 3173 332 3196 ,
362 3145 555 3201 Regiones
569 3175 582 3197 ,
598 3150 636 3190 &
654 3150 789 3206 Regna
814 3153 936 3195 Indiae
949 3150 1189 3198 Orientalis,

219 3203 341 3245 etiam
357 3218 429 3258 per
443 3205 537 3247 alias
552 3208 634 3248 vias
645 3233 660 3255 ,
676 3211 800 3264 quam
822 3225 893 3265 pei·
918 3202 1159 3259 Lusitaniam
1174 3235 1190 3257 ,

222 3260 349 3304 libere
361 3265 401 3305 δι
416 3264 523 3306 licite
537 3265 700 3309 mittere
730 3267 881 3322 possent
893 3298 907 3319 ,
934 3269 973 3309 8:
991 3266 1190 3319 valerent,

223 3318 376 3364 servata
393 3334 528 3365 tamen
552 3324 592 3365 in
617 3324 782 3380 reliquis
796 3327 1067 3380 praediftarum
1084 3324 1192 3366 litte-

224 3392 361 3422 rarum
378 3381 600 3424 Clementis
616 3383 901 3440 predecessoris
913 3382 1040 3426 forma
1055 3383 1093 3424 in
1107 3397 1192 3424 om-

224 3438 397 3487 nibus,&
409 3455 478 3494 per
497 3443 647 3484 omnia:
659 3456 811 3485 necnon
826 3443 1095 3498 quoscumque
1112 3443 1192 3483 Ec-

225 3494 481 3549 clefiasticos,
496 3503 536 3543 δι
555 3500 775 3557 Religiosos
801 3499 1082 3555 cujuscumque
1107 3501 1190 3540 Or-

226 3551 330 3593 dinis
346 3555 385 3596 &
398 3557 568 3603 Instituu‘
583 3589 600 3610 ,
613 3570 693 3604 tam
711 3559 1025 3601 Mendicantium
1040 3585 1056 3608 ,
1070 3559 1191 3610 quam

225 3623 308 3653 non
323 3612 636 3660 Mendioantium
650 3647 664 3670 ,
691 3618 812 3660 etiam
841 3616 1054 3661 Societatis
1068 3616 1158 3668 Jesu
1174 3642 1191 3666 ,

225 3670 266 3710 δι
296 3671 525 3724 saeculares,
543 3673 836 3732 Religiosorum
852 3703 867 3725 ,
897 3687 938 3719 ut
957 3671 1162 3731 praefertur
1175 3700 1191 3722 ,

224 3729 514 3773 mittendorum
538 3733 587 3776 ad
604 3735 768 3788 Insulas,
783 3735 1027 3783 Provincias,
1048 3730 1194 3785 Regio·

343 3793 441 3832 Tom.
453 3794 533 3836 VII.
565 3805 572 3812 ·

2010 186 2163 273 115

1268 277 1337 334 nes
1349 318 1362 341 ,
1377 293 1417 333 δι
1436 292 1574 343 Regna
1588 288 1786 331 antedit‘la
1808 296 1995 336 aceessum
2013 301 2236 354 hujusmodl

1270 350 1531 405 impedientes
1543 351 1966 392 excommunicationis
1982 353 2068 397 latae
2086 360 2235 403 senten-

1266 410 1330 450 tiae
1347 406 1508 449 vinculo
1525 406 1756 456 innodavit,
1771 421 1818 448 ac
1835 408 2024 463 pleraque
2053 413 2128 453 alia
2141 428 2237 457 con-

1265 467 1390 509 stituit
1402 492 1416 512 ,
1444 474 1565 520 prout
1588 464 1623 505 in
1654 463 1769 519 ipsius
1794 468 1947 508 Urbani
1973 470 2236 512 Praedeceflo-

1269 525 1323 567 ris
1340 525 1484 566 litteris
1501 519 1669 578 desuper
1687 524 1725 564 in
1749 522 1865 565 fimili
1881 525 2005 565 forma
2020 526 2153 567 Brevis
2170 529 2240 571 dio

1267 582 1745 635 200Febr.i633.editis,q
1753 595 1888 623 uarum
1904 594 2063 624 tenores
2079 597 2123 624 ac
2141 598 2235 638 prae·

1267 640 1438 685 fatorum
1454 640 1679 683 Clementis
1693 667 1707 690 ,
1721 641 1760 682 δι
1777 641 1885 681 Pauli
1906 639 2234 685 Praedecefforum

1264 701 1490 742 litterarum
1506 709 1670 740 tenores
1688 698 1937 752 praesentibus
1954 712 2028 756 pro
2044 698 2177 754 plene,
2197 701 2240 741 &

1260 756 1702 824 sufficientergxpreffis
1719 785 1734 808 ,
1758 758 1799 799 δι
1813 757 1974 801 insertis
2004 759 2141 800 haberi
2163 771 2236 800 vo-

1258 817 1404 868 lumus,
1422 817 1583 860 uberius
1597 816 1837 859 continetur
1849 845 1862 857 .

1312 877 1418 918 Cum
1432 886 1579 923 autem,
1592 872 1689 917 ficut
1703 876 1877 918 Ven-Fr:
1895 874 2096 932 Episcopi,
2111 876 2150 917 δι
2164 875 2238 917 Vi-

1254 936 1348 978 car‘ii
1368 934 1598 989 Apostolica
1611 934 1849 976 auctoritate
1858 933 2046 987 deputati
2061 934 2099 975 in
2115 934 2238 989 parti·

1254 995 1326 1036 bus
1336 993 1512 1036 Orientis
1525 992 1955 1052 commorantesNobis
1972 1004 2099 1047 nuper
2116 1006 2237 1047 expo-

1258 1054 1297 1095 ni
1315 1050 1491 1094 secerunt
1503 1077 1518 1098 ,
1536 1063 1616 1092 non
1635 1051 1764 1093 minus
1777 1051 1866 1107 ipfis
1885 1078 1898 1102 ,
1921 1065 1968 1094 ac
1984 1051 2236 1106 Presbyteris

1257 1110 1519 1156 sacularibus,
1534 1111 1571 1151 &
1587 1107 1698 1152 laicis
1715 1109 1763 1151 ad
1778 1112 1932 1153 easdem
1944 1121 2079 1166 partes
2097 1108 2231 1161 millis,

1256 1171 1297 1211 δι
1309 1167 1870 1222 mittendis,quamReligiosis
1888 1169 2116 1222 supradiffis
2131 1167 2237 1209 diffi-

1258 1227 1339 1270 cile
1350 1254 1366 1276 ,
1379 1239 1424 1267 ac
1438 1225 1664 1267 Catholicae
1696 1225 1804 1268 Fidei
1823 1226 2097 1281 propagationi
2113 1226 2236 1268 inuti-

1259 1286 1299 1328 le
1314 1284 1356 1326 fit
1373 1284 1496 1326 iter&
1511 1284 1812 1339 navigationem
1828 1283 1878 1325 ad
1895 1284 2030 1325 Indias
2045 1285 2234 1328 Orienta-

1262 1343 1319 1386 les
1331 1371 1345 1393 ‚
1365 1343 1404 1383 &
1420 1353 1550 1396 partes
1562 1343 1746 1383 Sinarum
1772 1356 1844 1396 per
1860 1343 2096 1385 Lusitaniam
2116 1342 2235 1385 susci-

1259 1415 1352 1458 pere
1367 1429 1381 1450 ,
1394 1400 1525 1456 cistlue
1537 1400 1622 1442 aliae
1637 1400 1708 1442 viae
1722 1400 1847 1456 longe
1867 1398 2087 1448 faciliores,
2104 1414 2149 1442 ae
2167 1414 2236 1443 ex-

1258 1458 1478 1516 peditiores
1490 1469 1647 1513 pateant
1663 1485 1678 1508 ,
1708 1459 1836 1500 Nobis
1851 1469 2068 1514 propterea
2096 1459 2230 1500 humi-

1257 1519 1350 1561 litet
1376 1516 1587 1573 supplicari
1606 1516 1786 1559 fecerunt
1801 1545 1815 1567 ,
1832 1528 1875 1558 ut
1892 1516 1960 1558 fibi
1977 1518 2014 1560 in
2032 1516 2230 1572 praemiffis

1253 1575 1489 1633 opportune
1504 1575 1717 1629 providere
1729 1600 1743 1622 ‚
1758 1575 1812 1621 ἀ,
1827 1583 1870 1615 ut
1887 1573 2003 1625 insi-a,
2019 1574 2234 1630 indulgere

1252 1637 1304 1680 de
1319 1633 1567 1690 benignitate
1587 1631 1815 1688 Apostolica
1828 1631 2089 1688 dignaremur
2103 1661 2115 1673 .

1313 1697 1398 1736 Nos
1416 1692 1534 1747 igitur
1550 1691 1759 1748 specialem
1776 1689 1864 1745 ipfis
1880 1692 2144 1747 Episcopis‚&
2165 1690 2236 1732 Via

1255 1751 1371 1797 eariis
1387 1750 1625 1806 Apostolicis
1639 1749 1810 1804 gratiam
1826 1751 1961 1792 tacere
1979 1751 2181 1800 solentes,
2193 1750 2235 1792 δι

1256 1809 1356 1855 eoru
1378 1809 1595 1865 singulares
1613 1806 1798 1862 personas
1812 1807 1835 1848 ὁ
1857 1808 2052 1862 quibusvis
2073 1822 2231 1851 excom-

1257 1869 1558 1916 municationis,
1573 1866 1847 1922 suspensionis,
1857 1867 1898 1911 δι
1911 1868 2044 1910 interd
2051 1865 2232 1915 ieiuniis-

1255 1941 1333 1983 que
1351 1926 1628 1969 Ecclefiasticis
1644 1922 1852 1967 sententiis
1863 1925 2090 1979 ,censuris,
2105 1928 2144 1967 Bt
2161 1938 2232 1989 ρς-
2308 1929 2310 1933 ’

1256 1987 1316 2028 nis
1330 1987 1352 2028 a
1368 1983 1452 2037 iure
1466 2012 1485 2034 ,
1514 1983 1579 2025 vel
1610 1982 1665 2023 ab
1679 1982 1839 2023 bomine
1867 1985 2007 2036 quavis
2022 1989 2234 2027 occauone

1257 2042 1320 2086 vel
1334 2040 1445 2085 causa
1461 2042 1553 2084 latis
1567 2070 1580 2092 ‚
1595 2040 1619 2082 fi
1638 2039 2093 2095 quibusquomodolibet
2111 2042 2228 2084 inno·

1253 2102 1353 2144 datae
1373 2100 1561 2149 existunt,
1574 2099 1623 2140 ad
1641 2096 1824 2141 effe-etum
1841 2098 2089 2153 presentium
2109 2101 2232 2141 dum-

1252 2168 1360 2200 taxat
1376 2156 1695 2212 consequendum
1711 2182 1726 2204 ,
1743 2159 1883 2198 harum
1900 2157 1998 2200 serie
2015 2158 2228 2201 absolven-

1251 2228 1335 2268 tes,
1350 2217 1390 2257 &
1407 2214 1604 2259 absolutas
1628 2213 1716 2257 sore
1733 2216 1937 2258 censentes
1955 2241 1967 2262 ,
1999 2215 2224 2271 hujusmodi

1251 2273 1600 2330 supplicationibus
1625 2272 1822 2322 inclinati,
1839 2273 1892 2315 de
1918 2272 2086 2328 praefatae
2111 2278 2230 2318 eon-

1251 2333 1495 2391 gregationis
1520 2332 1821 2376 venerabilium
1852 2335 2035 2375 Fratrum
2070 2333 2227 2376 nostro·

1251 2406 1337 2435 rum
1350 2390 1527 2443 eiusdem
1541 2395 1580 2435 S·
1600 2393 1652 2434 R.
1674 2394 1719 2434 Ε.
1736 2390 2016 2434 cardinalium
2046 2393 2230 2448 negotia·

1251 2451 1352 2494 sioni
1373 2453 1639 2506 propaganda
1657 2450 1765 2493 Fidei
1792 2450 2098 2507 pra-politorum
2128 2464 2225 2492 con·

1250 2509 1351 2557 silio,
1368 2507 1547 2564 prefatas
1566 2509 1726 2552 Urbani·
1745 2507 2042 2553 Praedeeefforis
2070 2510 2229 2552 litteras

1248 2568 1491 2611 auctoritaie
1516 2567 1749 2623 Apostolica
1773 2578 1914 2611 tenore
1945 2568 2228 2623 presentium..-

1250 2624 1531 2669 confirmamus
1546 2653 1562 2677 ,
1586 2626 1877 2681 approbamus,
1905 2628 1944 2668 δι
1961 2627 2195 2668 innovamus
2211 2653 2226 2675 ,

1252 2682 1424 2739 ipsasque
1453 2684 1610 2725 litteras
1635 2683 1691 2724 ad¹
1717 2682 1875 2725 eosdem
1907 2683 2123 2737 Episcopos
2137 2711 2150 2733 ,
2181 2684 2222 2724 ὃς

1252 2742 1435 2783 Vicarios
1463 2739 1714 2795 Apostolieos
1734 2765 1749 2788 ,
1782 2752 1939 2781 necnon
1973 2741 2219 2783 Sacerdotes

1251 2798 1454 2842 saeculares
1471 2827 1486 2848 ,
1504 2797 1679 2840 &laicos
1697 2809 1777 2838 tam
1792 2795 1922 2838 miffos
1934 2799 2080 2853 ,quim
2094 2800 2133 2840 in
2149 2810 2225 2852 po·

1249 2859 1395 2900 Rerum
1411 2855 1627 2899 mittendos
1640 2857 1679 2897 in
1695 2856 1866 2898 Chinam
1878 2885 1892 2905 ,
1909 2858 2216 2908 Concincinam,

1251 2916 1502 2960 Tunchinum
1518 2944 1532 2966 ,
1561 2915 1692 2966 Siam,
1721 2915 1761 2955 δι
1790 2913 1868 2955 alia
1897 2913 1985 2957 loca
1998 2944 2014 2966 ,
2044 2914 2189 2957 Insulas
2204 2942 2220 2965 ,

1247 2975 1498 3021 Provincias,
1514 2975 1674 3029 Reges,
1697 2973 1736 3014 &
1757 2974 1896 3028 Regna
1915 2974 2121 3029 Indiarum
2137 3002 2151 3024 ,
2182 2974 2222 3014 δε

1246 3034 1414 3077 aliarum
1448 3031 1836 3086 partiumOri'entis,
1864 3030 1920 3072 ita
1934 3044 1980 3074 ut
2006 3033 2073 3087 ipfi
2092 3034 2130 3074 δι
2145 3045 2214 3072 eo-

1247 3107 1338 3135 rum
1354 3091 1527 3147 quilibet
1543 3090 1640 3133 illuc
1655 3104 1725 3144 per
1739 3088 1840 3131 alias
1861 3089 2125 3147 quascumque
2139 3091 2219 3131 vias

1247 3152 1316 3193 fibi
1332 3151 1432 3193 bene
1447 3147 1575 3200 visas,
1605 3148 1724 3205 quam
1739 3162 1810 3203 per
1831 3147 2073 3192 Lusitaniam
2095 3146 2219 3204 profi-

1249 3207 1342 3253 cisci
1369 3207 1494 3250 libere
1508 3208 1657 3263 paritet
1668 3232 1685 3255 ,
1713 3208 1748 3248 &
1764 3206 1875 3248 licite
1891 3208 2032 3262 poffint
2047 3235 2062 3258 ,
2077 3222 2124 3249 ac
2159 3220 2222 3248 va-

1251 3269 1360 3311 leant
1374 3295 1388 3318 ,
1403 3280 1478 3310 nec
1493 3279 1562 3322 per
1577 3266 1816 3309 Lusitaniam
1843 3264 2068 3318 hujusmodi
2082 3264 2222 3306 tranfi-

1251 3341 1300 3370 re
1323 3357 1339 3379 ‚
1370 3334 1439 3366 aut
1464 3323 1766 3379 navigationem
1791 3322 1884 3364 iude
1910 3323 2104 3376 suscipere
2132 3319 2219 3364 ullo

1252 3385 1374 3428 modo
1386 3394 1600 3426 teneantur
1613 3411 1627 3434 ,
1649 3383 1799 3424 servata
1813 3392 1945 3422 tamen
1968 3380 2214 3434 caeteroquin

1250 3441 1763 3499 predictarukamenus
1781 3436 2076 3481 Praedecefforis
2106 3437 2216 3478 litte-

1251 3514 1383 3543 rarum
1399 3497 1542 3545 forma,
1556 3497 1796 3540 au&oritate
1806 3521 1820 3542 s
1834 3497 1873 3536 δι
1887 3506 2026 3539 tenore
2043 3494 2215 3550 praefatis

1250 3558 1502 3603 extendimus
1519 3583 1533 3605 ‚
1546 3557 1583 3596 δι
1597 3554 1829 3608 ampliamus
1840 3566 1861 3597 ε,
1879 3569 1924 3596 ac
1940 3553 2212 3609 quoscumque

1255 3614 1547 3658 Ecclesiasticus
1561 3642 1578 3662 ,
1591 3614 1630 3653 δι
1651 3611 1872 3665 Religionis
1894 3611 2213 3668 cujuscumun

1252 3674 1481 3719 Ordinis,&
1497 3671 1671 3712 Instituti
1687 3680 1767 3711 tam
1782 3683 1863 3711 non
1877 3670 2211 3722 Mendicaniium,

1251 3734 1367 3788 quim
1379 3729 1694 3774 Mendieantium
1705 3730 1859 3826 ‚gatiam
1874 3731 2210 3830 Societatei‘sslesu,

1785 3800 1807 3828 a
2105 3802 2147 3831 ae·
