2496 4172
248 187 2277 434 SUPPLEMENTGK'AE

557 484 1023 570 TOMI
1135 480 1980 568 SECUNDI

527 681 530 684 -
1119 644 1157 696 S
1222 648 1263 699 Ε
1337 647 1388 702 Ζ)

381 779 1074 852 PROVINCIARUM
1118 779 1452 848 ITALIAE
1499 782 1599 848 IN
1645 778 2124 849 COMMUNI.

943 952 2273 979 -———m—D———

245 1054 502 1110 Recursum
554 1068 682 1106 extra
714 1052 949 1106 Ordinem
989 1068 1075 1121 pro
1109 1050 1225 1102 obti-

309 1128 468 1178 nendis
485 1123 687 1196 'pulpitis
703 1161 720 1184 ,
733 1123 1111 1183 obedientialibus
1130 1121 1223 1174 ὅτε.

313 1197 550 1249 Fratribus
584 1197 758 1255 Italiae,
792 1185 1223 1247 Constitutionem...

310 1269 569 1320 Clementis
584 1270 677 1318 IX.
693 1262 1219 1326 innovand0,interdicit.

240 1368 768 1453 ΒΕΝΕοΙο-[υέ
805 1398 1020 1448 PAPA
1055 1397 1220 1447 xlv.

401 1527 706 1584 Adperpetuam
725 1529 786 1569 rei
805 1521 1056 1569 memoriam.

304 1642 467 1699 Niuncli
495 1645 622 1688 Nobis
650 1656 726 1698 per
752 1641 1041 1686 abundantiam
1068 1637 1217 1681 divine

322 1706 456 1758 gratiae
472 1702 678 1745 Pastoralis
709 1699 843 1744 Officii
873 1698 1108 1743 sollicitudo
1138 1711 1214 1754 po-

233 1759 368 1815 stulat,
381 1772 426 1804 ut
447 1774 487 1803 in
503 1762 579 1812 nis,
597 1773 668 1828 per
681 1775 765 1818 qun
789 1757 1123 1804 Christifidelium
1145 1754 1216 1799 sub

234 1817 345 1862 suavi
362 1819 591 1874 Religionis
603 1833 722 1874 jugo,
746 1832 792 1860 ae
807 1818 986 1861 arffloris
1001 1818 1089 1858 vitae
1105 1815 1214 1858 insti·

231 1885 326 1921 tuto
368 1877 649 1921 famulantium
684 1876 879 1933 Regulari
910 1874 1215 1926 Obseruantia,

233 1934 526 1992 Religiosaeque
553 1936 871 1992 tranquillitati,
900 1932 1214 1990 prosperoque)

236 1995 354 2038 statui
381 2021 396 2045 ,
420 1995 604 2051 regimini
626 2020 642 2044 ι,
670 1997 711 2038 δι
735 1994 933 2054 gubernio
961 1991 1216 2044 consulitur,

175 2096 178 2100 .
234 2052 407 2111 ejusdem
435 2052 565 2097 Officii
598 2065 733 2108 partes
764 2051 904 2097 sedule
935 2051 1217 2099 intendamus,

232 2124 355 2170 prout
383 2111 647 2170 conspicimus
692 2115 733 2156 in
781 2114 960 2155 Domino
1001 2108 1216 2154 salubriter

232 2171 424 2229 expedire
453 2201 466 2214 .
507 2172 666 2226 Exponi
702 2171 906 2230 liquidemv
927 2169 1056 2212 Nobis
1089 2182 1214 2224 nuper

233 2230 332 2274 fecit
362 2231 533 2275 dilectus
566 2232 690 2274 Filius
720 2258 732 2280 ,
763 2228 994 2275 Ludovieus
1023 2228 1043 2270 ἰ
1073 2228 1213 2271 Tauri·

225 2303 296 2336 no,
313 2291 588 2337 Procurator,
605 2303 651 2331 ac
666 2285 969 2333 Commiffarius
995 2285 1213 2331 Generalis

226 2344 394 2389 Ordinis
411 2347 597 2389 Fratrum
621 2348 832 2388 Minorum
859 2347 899 2387 S.
915 2346 1117 2388 Francisti
1133 2347 1210 2387 Ca·

224 2405 466 2462 pucinorum
481 2416 807 2460 nuncupatorum
819 2431 834 2455 ,
857 2404 968 2459 quod
983 2402 1083 2444 alias
1099 2402 1207 2446 felic.

224 2463 388 2506 record.
403 2462 593 2506 Clemens
624 2466 729 2519 Papa
747 2464 823 2506 lx·
855 2459 1118 2506 Praedeceffor
1135 2475 1209 2504 no·

225 2521 303 2565 ster
316 2521 370 2564 ad
397 2520 726 2575 supplicationem
757 2522 853 2562 bon.
866 2535 987 2563 mem.
1002 2520 1210 2574 Hierony.

227 2581 283 2622 mi
298 2580 422 2628 ‚dum
439 2577 558 2628 vixit,
576 2581 617 2622 S.
643 2578 689 2618 R.
714 2580 761 2620 E.
777 2577 1008 2620 Cardinalis
1031 2577 1208 2620 Farnelii

226 2637 470 2693 nuncupati,
483 2635 660 2692 ejusdem
675 2634 841 2679 Ordinis
854 2637 961 2693 apud
990 2638 1207 2681 Sanctam-0

228 2696 370 2740 Sedem
401 2698 648 2740 Protectoris
673 2695 868 2739 nonnulla
893 2698 1095 2744 Decreta,
1124 2707 1207 2751 quae

226 2757 267 2799 in
285 2753 488 2811 Capitulo
501 2755 693 2799 Generali
712 2756 921 2798 memorati
933 2755 1103 2798 Ordinis
1115 2768 1208 2797 ann.

233 2813 356 2864 1667.
376 2814 515 2856 habito
541 2828 632 2856 cum
643 2812 866 2865 consensu,
888 2815 929 2856 8ι
951 2813 1207 2870 approbatio·

228 2886 278 2915 ne
293 2873 475 2916 omnium
489 2872 703 2918 Vocalium
718 2881 817 2916 tunc
850 2873 890 2916 in
906 2873 1015 2917 diao
1029 2873 1204 2927 Capitu-

225 2930 269 2974 lo
283 2939 625 2987 congregatorum
647 2946 721 2988 pro
734 2931 841 2974 felici
875 2931 1023 2987 praesati
1039 2931 1206 2975 Ordinis

228 2989 428 3046 gubernio
444 2988 731 3044 sancitassaeia
745 3018 759 3040 ‚
774 2992 815 3034 δε
829 2988 1004 3033 stabilita
1018 2988 1206 3045 suerunt,

225 3061 299 3105 per
313 3047 597 3104 quasdam-suas
620 3055 660 3093 in
674 3049 789 3093 fimili
806 3048 933 3093 forma
966 3050 1103 3093 Brevis
1132 3050 1202 3093 die

231 3120 293 3149 ix.
328 3108 580 3164 Septembris
622 3107 834 3168 supradieti
865 3109 958 3154 anni
988 3108 1201 3167 expeditas

224 3166 386 3210 litteras
412 3165 693 3218 confirmavit,
711 3169 751 3210 δι
779 3170 1015 3224 approbavit
1042 3193 1059 3217 2
1089 3170 1202 3211 inter

224 3234 368 3268 caetera
386 3228 484 3270 vero
495 3225 663 3269 decreta
677 3254 692 3277 ,
715 3225 782 3269 seu
795 3226 940 3271 statuta
958 3228 1200 3284 approbata,

223 3284 263 3347 §c
277 3283 512 3353 confirmata
523 3311 538 3335 ,
554 3294 599 3327 ut
617 3284 827 3341 praesertur
843 3315 859 3337 ,
887 3285 944 3354 ita
960 3286 1164 3343 reperitur
1181 3314 1199 3340 ,

222 3354 1196 3457 {5353513'1‘2533’5‘322'5⁸„2220‘31532‘233502‘323

223 3458 291 3501 seu
313 3461 444 3505 Conci
502 3472 637 3506 atores
662 3460 830 3518 insignes
853 3487 868 3510 ‚
897 3463 945 3504 &t
962 3463 1193 3505 concionari

222 3517 391 3584 debeant
417 3475 787 3567 iantathedralibus
802 3547 819 3572 ,
844 3520 908 3563 stru
927 3520 1018 3564 aliis
1034 3522 1194 3577 conspi-

223 3589 304 3617 culs
323 3579 533 3623 Ecelcliis.
561 3579 739 3625 Subinde
768 3593 852 3623 rec.
867 3594 984 3623 mem.
1000 3580 1193 3624 Clemens

221 3636 330 3690 Papa
344 3638 396 3678 X.
412 3638 675 3694 Praedeceffor
686 3654 848 3696 quoque
863 3639 994 3682 noster
1008 3653 1080 3696 per
1094 3639 1191 3682 alias

221 3690 304 3737 suas
321 3695 359 3737 in
375 3697 458 3750 pari
473 3697 613 3741 itidem
626 3698 756 3742 forma
771 3700 908 3742 Brevis
931 3699 1000 3742 die
1016 3713 1056 3742 2.
1069 3700 1195 3741 octo·

218 3751 300 3795 bris
322 3755 443 3856 1571.
457 3757 662 3812 expeditas
674 3758 830 3802 litteras
848 3761 1049 3816 perpetuo
1063 3758 1193 3802 inter-

364 3827 433 3855 om.
447 3818 524 3858 VII.

1284 1052 1391 1096 dixit
1403 1079 1419 1102 ‚
1436 1053 1477 1096 δι
1496 1053 1733 1110 prohibuit,
1752 1061 1796 1096 ut
1814 1053 1979 1096 Fratres
1993 1050 2087 1096 dicti
2103 1047 2273 1094 Ordinis

1283 1111 1335 1155 de
1359 1123 1512 1155 caetero
1536 1114 1586 1157 ad
1612 1112 1856 1156 obtinendas
1878 1111 2158 1162 obedientias,
2190 1110 2272 1152 five

1282 1169 1554 1227 permistiones
1572 1171 1755 1215 vifitandi
1780 1184 1922 1215 eorum
1949 1173 2142 1213 Parentes
2157 1197 2173 1221 ,
2207 1166 2273 1210 seu

1282 1230 1533 1285 propinquos
1547 1258 1561 1282 ,
1573 1239 1643 1273 aut
1661 1230 1751 1273 loca
1763 1231 1872 1274 sacra
1886 1241 2144 1286 quascumque
2155 1254 2169 1276 ‚
2188 1227 2274 1280 vel,

1282 1297 1327 1330 ut
1343 1288 1392 1332 ad
1409 1288 1634 1345 dignitates
1648 1317 1664 1338 ,
1677 1290 1716 1330 δι
1730 1287 1863 1332 officia
1875 1314 1889 1336 ‚
1906 1298 1974 1331 aut
1987 1300 2155 1331 munera
2170 1298 2276 1341 quat-

1282 1347 1385 1390 libet
1413 1346 1610 1402 ejusmodi
1639 1346 1838 1399 Ordinis,
1868 1355 1937 1387 aut
1969 1345 2019 1388 ad
2035 1345 2160 1385 studia
2176 1358 2275 1396 pro-

1277 1415 1541 1449 moverentur
1553 1432 1568 1455 ,
1585 1405 1679 1454 lise,
1695 1415 1740 1448 ut
1755 1406 1807 1448 ab
1819 1418 1899 1447 uno
1912 1403 1963 1444 ad
1978 1402 2102 1445 alium
2129 1401 2270 1444 locum

1278 1464 1449 1508 transire
1461 1491 1476 1513 ‚
1490 1464 1556 1507 vel
1570 1465 1611 1506 ia
1628 1463 1764 1519 aliquo
1790 1459 2027 1518 particulari
2044 1461 2272 1502 Conventu

1273 1523 1370 1564 dicti
1384 1523 1552 1566 Ordinis
1568 1534 1809 1578 permanere
1823 1520 1881 1563 eis
1897 1519 2043 1564 liceret
2055 1544 2071 1567 2
2105 1518 2192 1564 vel,
2224 1526 2272 1562 ut

1274 1593 1370 1625 cum
1384 1581 1442 1622 eis
1458 1578 1755 1635 dispensaretur
1769 1580 1819 1622 ad
1842 1580 1919 1622 hoc
1932 1606 1947 1630 ,
1979 1587 2022 1619 ut
2039 1588 2137 1620 ante
2154 1590 2273 1633 pera·

1273 1642 1384 1682 stum
1411 1638 1647 1693 septennale
1672 1638 1846 1680 studium
1882 1638 1921 1679 in
1947 1637 2271 1679 concionatores

1275 1695 1432 1751 affumi,
1447 1697 1668 1754 munusque
1689 1695 2013 1739 concionatoris
2042 1707 2240 1737 exercere
2254 1721 2270 1746 ,

1274 1766 1363 1808 aut,
1380 1766 1424 1800 ut
1441 1766 1534 1800 ante
1545 1756 1798 1813 completum
1824 1758 1862 1797 in
1872 1755 2019 1798 eodem
2031 1752 2190 1796 Ordine
2207 1751 2269 1796 se·

1275 1815 1486 1872 ptennium
1520 1817 1572 1859 ad
1611 1813 1767 1859 sacrum
1800 1810 2106 1871 Presbyteratt'is
2137 1812 2267 1854 Ordi-

1275 1888 1366 1917 nem
1381 1875 1614 1931 promoveri
1631 1875 1813 1918 valerent
1825 1900 1840 1922 ‚
1869 1873 1949 1916 live
1963 1874 2015 1917 ad
2034 1873 2108 1915 alia
2124 1872 2207 1914 fimi
2214 1872 2269 1914 lia.

1275 1933 1588 1991 consequenda,
1619 1942 1704 1976 tam
1736 1946 1811 1989 pro
1838 1928 1877 1975 se
1893 1960 1907 1982 ,
1933 1935 2054 1987 quam
2079 1946 2154 1988 pro
2177 1931 2270 1975 aliis

1278 1992 1445 2036 Ordinis
1463 1993 1613 2048 praesati
1638 1993 1842 2035 Fratribus
1858 2019 1873 2042 ,
1898 1990 1949 2032 ad
1977 2003 2269 2046 quarumcum-

1277 2065 1357 2107 que
1374 2052 1631 2108 personarum
1652 2064 1771 2095 extra
1790 2047 2039 2106 saepedissum
2064 2049 2270 2092 Ordinem

1276 2112 1531 2155 existentium
1546 2138 1562 2162 ,
1575 2115 1699 2154 etiam
1714 2113 1855 2168 quavis
1876 2107 2150 2154 Ecclefiallica
2165 2136 2178 2157 ‚
2197 2107 2265 2151 vel

1276 2171 1476 2214 mundana
1491 2171 1718 2227 dignitate,
1741 2168 2042 2225 praeminentia
2054 2193 2069 2215 ,
2094 2168 2135 2209 &
2149 2176 2268 2222 pote·

1274 2231 1370 2272 state
1385 2227 1636 2284 fungentium
1650 2259 1665 2280 ,
1679 2238 1749 2270 aut
1775 2227 1855 2270 alia
1873 2223 2054 2281 specifica
2065 2251 2080 2274 ‚
2096 2227 2137 2268 δι
2155 2224 2259 2267 indi-

1274 2288 1393 2331 vidua
1421 2289 1633 2330 mentione
1647 2314 1665 2338 ,
1695 2287 1736 2328 ἃ,
1767 2282 2016 2341 expreffione
2045 2284 2264 2343 dignarum

1270 2347 1461 2395 favores,
1491 2344 1673 2401 suffragia
1690 2372 1704 2395 ,
1728 2346 1792 2388 vel
1809 2343 2104 2389 intercelliones
2118 2357 2260 2388 recur-

1270 2404 1536 2457 rere‚illisve
1553 2407 1610 2446 uti
1629 2403 1812 2447 valerent
1834 2405 1979 2460 quovis
2006 2404 2159 2454 modo,
2191 2403 2259 2446 vel

1269 2463 1553 2522 praesumerent
1592 2463 1662 2508 sub
1696 2457 2131 2507 excommunicationis
2164 2462 2258 2505 latae

1270 2525 1474 2575 sententie
1489 2549 1504 2570 a
1532 2536 1582 2565 ac
1608 2524 1850 2577 privationis
1883 2525 1993 2566 vocis
2022 2524 2184 2573 activa,
2217 2523 2258 2564 δι

1269 2581 1446 2638 paffivae,
1461 2595 1505 2622 ac
1521 2581 1740 2636 graduum,
1755 2579 2082 2635 Officiorumque
2097 2594 2171 2636 per
2183 2594 2257 2622 eos

1267 2643 1537 2683 obtentorum
1550 2667 1566 2690 ,
1583 2649 1783 2694 perpetuae
1797 2637 2064 2681 inhabilitatis
2089 2639 2139 2680 ad
2165 2638 2255 2688 illa,

1266 2700 1308 2741 δι
1326 2700 1473 2755 quaevis
1498 2697 1577 2740 alia
1601 2698 1851 2751 inposterum
1876 2697 2100 2742 obtinenda
2118 2698 2253 2750 poenis

1265 2773 1337 2816 per
1349 2768 1681 2802 contraventores
1706 2755 1790 2812 ipso
1809 2751 1915 2798 facto
1928 2755 2075 2811 absque
2087 2756 2166 2799 alia
2181 2759 2255 2800 de·

1264 2817 1491 2861 claratione
1507 2815 1781 2860 incurrendis.
1799 2817 1851 2857 Et
1867 2816 2031 2858 subinde
2047 2814 2253 2859 san-mem.

1263 2877 1456 2920 Clemens
1471 2879 1577 2931 Papa
1593 2876 1692 2917 xil.
1709 2875 1862 2931 pariter
1890 2873 2156 2918 Praedeceffor
2171 2889 2249 2916 no-

1262 2935 1340 2978 ster
1368 2949 1438 2990 per
1462 2935 1562 2977 alias
1590 2933 1676 2976 suas
1700 2946 1865 2990 quoque
1890 2933 1928 2976 in
1948 2933 2061 2975 fimili
2081 2931 2249 2976 forma...

1264 2996 1402 3039 Brevis
1428 2994 1496 3037 die
1518 3005 1559 3044 5.
1577 2993 1674 3047 Maii
1696 3006 1818 3049 ¹⁷33·
1844 2992 2054 3047 expeditas
2086 2992 2249 3036 litteras

1261 3055 1372 3096 inter
1413 3063 1559 3096 caetera
1603 3052 1794 3097 inhaerens
1825 3053 2040 3095 memorati
2071 3051 2247 3095 Ordinis

1262 3111 1635 3159 constitutionibus
1646 3141 1660 3164 ,
1673 3115 1819 3168 quibus
1839 3110 2108 3166 praescriptum
2127 3126 2244 3166 repe-

1261 3172 1388 3224 ritur,
1405 3170 1611 3215 recursum
1625 3199 1640 3221 ‚
1657 3172 1699 3214 dt.
1715 3171 2030 3229 appellationem
2058 3171 2246 3224 interpo-

1258 3230 1416 3274 nendos
1435 3230 1514 3273 effe
1527 3229 1728 3287 gradatim
1741 3234 1764 3275 ὲ
1779 3230 2029 3274 Guardianis
2053 3229 2102 3271 ad
2122 3228 2243 3270 Mini-

1256 3290 1358 3334 stros
1376 3289 1651 3333 Provinciales
1665 3319 1679 3342 ,
1693 3291 1732 3334 δὲ
1749 3292 1798 3332 ab
1816 3290 1876 3331 his
1892 3287 1943 3330 ad
1975 3287 2099 3344 ipsum
2118 3287 2242 3329 Mini-

1257 3350 1377 3392 ssrum
1393 3348 1664 3400 Generalem,
1675 3349 1839 3406 ejusque
1862 3346 2241 3395 Definitorium,an-

1254 3417 1418 3462 tequam
1444 3406 1580 3451 Causae
1604 3436 1619 3456 ,
1640 3408 1790 3451 &lites
1817 3406 1866 3447 ad
1897 3404 1978 3447 alia
1995 3404 2237 3448 Tribunalia

1253 3478 1374 3511 extra
1387 3467 1540 3510 dicium
1550 3467 1750 3510 Ordinem
1763 3465 2018 3513 deferantur,
2030 3464 2238 3516 omnibus,

1251 3528 1292 3568 δι
1306 3526 1465 3580 singulis
1485 3529 1674 3567 Romanae
1685 3526 1819 3568 Curiae
1836 3522 2144 3573 Tribunalibus,
2170 3525 2238 3563 lu-

1251 3585 1406 3628 dieibus
1418 3612 1432 3634 ,
1444 3583 1716 3632 officialibus,
1729 3585 1770 3625 δι
1785 3582 1993 3632 Ministris,
2005 3595 2053 3624 ac
2065 3579 2231 3636 quibus·

1251 3643 1311 3686 vis
1335 3643 1458 3684 etiam
1484 3643 1792 3685 Venerabilium
1821 3643 2013 3683 Fratrum
2046 3641 2231 3695 ejusdem

1254 3706 1295 3745 S.
1314 3703 1368 3742 R.
1385 3704 1432 3744 Ε.
1448 3700 1726 3743 Cardinalium
1740 3700 2156 3756 congregationibus,
2180 3715 2231 3744 ne

1254 3758 1478 3815 huiusmodi
1505 3759 1681 3811 Causas,
1707 3761 1747 3801 δι
1773 3759 1864 3801 lites
1889 3760 2118 3815 reciperent
2143 3788 2158 3811 ,
2187 3761 2228 3801 8c

1676 3821 1708 3862 B
1725 3821 1750 3863 b
1766 3820 1792 3861 b
1824 3832 1847 3860 2
2100 3833 2168 3861 co-
