2496 4172
1072 154 1502 270 Apostolica
1525 219 1543 238 .
1632 170 1635 173 ’

397 178 2234 475 ΜΙΞΞΙΟΝΕῙὲ9

558 529 2030 620 PARTICULARES

613 693 1485 767 PRovtNmARUM
1545 693 1979 802 ITALIAE.

985 866 1437 882 ——m
1447 862 2296 885 ————-.—·—

834 960 1730 1052 MISSIO

602 1121 1103 1173 REGNonuM
1150 1119 1435 1171 eoum
1488 1120 1586 1168 ET
1637 1118 2001 1169 ANGOLAE

646 1256 657 1262 -
706 1219 1206 1300 mai-’mma
1255 1242 1878 1299 MERIDIONALI.

367 1391 409 1431 N
424 1387 599 1444 AEtiopia
613 1385 803 1430 inferiore
814 1413 828 1435 ‚
841 1402 958 1444 quam
971 1387 1026 1431 ob
1041 1389 1155 1430 ntum
1169 1386 1237 1431 sub
1252 1397 1355 1429 zona
1371 1384 1525 1428 torrida
1540 1385 1640 1427 olim
1656 1384 1840 1427 nonnulli
1856 1381 2157 1426 inhabitabilem
2172 1388 2292 1426 autu-

290 1391 348 1505 1
383 1446 540 1491 ιιιὲτιιηῐ
553 1473 569 1497 ‚
586 1445 627 1488 δι
639 1458 725 1502 quoe
736 1458 872 1490 revera
889 1447 982 1490 talis
992 1460 1155 1504 quoque
1166 1444 1298 1496 foret,
1312 1444 1378 1488 nifi
1399 1455 1537 1488 ventus
1553 1445 1791 1501 plerumque
1817 1442 1961 1486 leniter
1983 1442 2131 1500 spirans
2160 1439 2288 1483 infesti

290 1504 435 1551 caloris
451 1513 694 1563 temperaret
707 1502 903 1549 excelsum
916 1535 933 1558 ,
959 1508 1158 1561 reperitur
1170 1532 1187 1557 ,
1218 1505 1269 1548 de
1298 1517 1380 1562 quo
1392 1504 1454 1548 hic
1469 1504 1601 1558 primo
1615 1503 1813 1559 agendum
1826 1502 1880 1544 est
1892 1529 1904 1549 ‚
1930 1501 2063 1557 Congi
2079 1503 2265 1556 Regnum
2280 1526 2295 1549 ,

289 1563 396 1610 inter
409 1564 606 1622 principes
618 1561 698 1606 litas
713 1564 943 1608 Provincias
961 1566 1107 1608 Fanum
1121 1568 1162 1611 S.
1175 1564 1398 1607 salvatoris
1414 1588 1428 1611 ‚
1448 1565 1625 1605 Ducatus
1641 1562 1796 1603 Bambae
1808 1586 1822 1608 ‚
1839 1562 1963 1603 Sonhi
1981 1587 1992 1607 ,
2019 1562 2144 1602 Battae
2162 1588 2176 1610 ‚
2189 1559 2298 1598 Mar·

289 1623 522 1669 chionatum
538 1623 649 1666 Sunii
663 1622 740 1665 &c.
754 1621 864 1679 juxta
884 1622 1153 1667 Bautrandum
1181 1631 1273 1665 tom.
1293 1635 1327 1664 1.
1332 1633 1465 1678 geogr.
1493 1634 1531 1662 v.
1546 1623 1717 1675 Congum
1740 1617 1944 1674 pag-mibi
1958 1631 2054 1672 293.
2078 1629 2296 1659 connume-

287 1695 380 1726 rans
406 1681 616 1726 Planitiem
630 1694 710 1725 οη
725 1682 931 1725 maritime
950 1681 974 1725 fi
988 1682 1179 1739 excipias,
1198 1681 1306 1737 regio
1320 1681 1358 1722 in
1376 1680 1530 1734 asperos
1542 1689 1702 1720 montes
1715 1706 1727 1728 ,
1738 1678 1778 1719 Bt
1793 1676 1934 1727 valles,
1947 1690 2020 1731 per
2030 1688 2131 1731 quos
2144 1676 2184 1716 δι
2195 1687 2292 1729 quas

287 1740 562 1797 elephantes,
579 1740 714 1784 leones
726 1739 840 1798 pardi
858 1769 872 1793 ,
886 1741 927 1784 δι
940 1739 1091 1798 regales
1106 1768 1120 1792 ,
1154 1743 1308 1797 Tygres
1323 1747 1342 1790 ,*
1363 1738 1543 1795 sylvatici
1561 1736 1695 1778 bubali
1711 1737 1789 1778 εις.
1802 1735 1898 1778 teste
1918 1735 2050 1778 nostro
2070 1735 2131 1776 Fr.
2143 1735 2294 1790 Joaune

288 1797 500 1846 Francisco
516 1800 702 1844 Romano
731 1803 775 1842 in
789 1798 872 1856 stu
894 1800 1081 1844 relatione
1101 1801 1146 1843 dc
1162 1797 1336 1901 Successu
1349 1795 1534 1855 Misp'onts
1551 1793 1751 1853 Congenfit
1769 1797 1898 1837 Rome
1910 1790 2089 1860 imprefflt
2110 1800 2202 1848 pag.
2221 1792 2296 1845 63.

290 1857 516 1912 periculose
530 1855 782 1910 discurrunt,
793 1857 1068 1917 serpentesque
1082 1860 1254 1903 horridae
1284 1855 1537 1913 ongitudinis
1553 1855 1591 1897 ὰ
1601 1852 1793 1911 groffitiei
1808 1863 1962 1910 reptant
1976 1881 1991 1906 ,
2017 1861 2071 1894 ita
2087 1860 2128 1892 ut
2144 1848 2292 1893 Minio-

293 1914 416 1958 uariis
428 1915 483 1957 ibi
494 1914 799 1961 adventantibus
815 1916 930 1959 ferox
944 1918 1088 1960 horum
1102 1917 1330 1960 animalium
1343 1923 1553 1970 apparatus
1566 1914 1723 1956 tantum
1748 1912 1906 1956 timoris
1938 1910 2107 1954 incutiat
2124 1935 2139 1958 ‚
2165 1922 2291 1966 quan-

295 1973 384 2017 tum
399 1971 576 2025 horroris
591 1974 772 2028 praelibet
788 1972 962 2029 aspectus
977 1975 1123 2017 inculti
1140 2002 1154 2025 ,
1169 1974 1265 2028 nigri
1281 2001 1296 2024 ,
1310 1974 1349 2014 δι
1364 1970 1600 2027 ροῑίῐὶῑωὺηι
1615 1970 1725 2013 nude
1741 1970 1961 2012 incedentis
1977 1967 2116 2024 populi
2130 1994 2141 2005 .
2264 2012 2266 2014 ,

305 2040 307 2043 ·
408 2031 554 2087 Regno
567 2031 661 2075 huic
676 2043 775 2074 verae
791 2030 882 2075 fidei
899 2030 1034 2077 lumen
1049 2033 1180 2088 primo
1195 2033 1302 2073 circa
1319 2043 1464 2072 annum
1491 2040 1611 2080 1500.
1643 2028 1711 2070 sub
1727 2029 1878 2083 joanne
1894 2028 1947 2068 11.
1964 2026 2167 2071 Lufitaniae
2184 2024 2294 2082 Rege

294 2088 318 2131 ὁ
335 2087 508 2144 quodam
521 2089 739 2136 Sacerdote
752 2089 1045 2146 Ulyfliponense
1058 2118 1069 2139 ‚
1079 2091 1145 2148 qui
1157 2103 1256 2132 nave
1270 2087 1424 2131 Affricae
1437 2101 1528 2129 oras
1539 2083 1693 2129 altefati
1713 2087 1833 2142 Regis
1847 2085 1943 2142 juffu
1958 2085 2194 2140 explorante
2210 2111 2223 2134 ,
2253 2085 2294 2124 Bc

294 2146 347 2188 ad
361 2147 574 2207 quemdam
587 2149 719 2205 Con'gi
735 2157 894 2205 portum
911 2147 1063 2191 firmata
1074 2174 1090 2198 2
1106 2148 1210 2190 sorte
1224 2147 1386 2202 Regiam
1399 2144 1466 2187 seu
1483 2146 1705 2187 Civitatem
1721 2145 1761 2184 S.
1778 2144 1999 2187 salvatoris
2014 2143 2148 2196 attigit
2163 2170 2176 2193 ‚
2210 2143 2295 2184 Re·

291 2217 462 2262 gemque
475 2234 491 2258 ‚
507 2208 568 2250 Re
599 2207 702 2251 inam
717 2234 732 2257 ,
753 2221 800 2251 ae
825 2203 957 2262 pediff
996 2219 1086 2250 uam
1102 2205 1235 2248 aulam
1248 2203 1364 2246 sacro
1392 2203 1534 2245 Larice
1558 2202 1808 2257 regeneravit
1827 2229 1842 2253 ,
1866 2201 2026 2244 illatum
2052 2198 2159 2242 fuiss'e
2189 2196 2295 2241 fatus

289 2265 362 2305 Pr.
375 2264 539 2316 Ioannes
587 2264 784 2306 ranciscus
795 2265 874 2308 loce
884 2218 1038 2321 cithol.
1053 2276 1125 2314 70.
1141 2277 1188 2306 ex
1205 2263 1366 2306 historia
1389 2262 1429 2303 &
1447 2260 1669 2303 traditione
1685 2259 1883 2315 Congensi
1906 2259 2096 2302 deducit.
2131 2260 2192 2302 Ex
2214 2271 2294 2314 quo

290 2317 418 2364 fausto
433 2320 627 2376 principio
640 2318 847 2364 accensum
861 2320 1047 2364 lumenin
1061 2322 1139 2364 alia
1156 2321 1453 2365 Provinciarum
1470 2318 1600 2375 capita
1619 2317 1867 2374 pedetentim
1895 2316 1972 2361 suit
1994 2313 2174 2359 diffusum
2190 2343 2204 2366 ,
2235 2316 2292 2358 ita

292 2387 424 2422 tamen
441 2405 456 2429 ,
469 2387 513 2421 ut
526 2382 631 2422 Arca
646 2380 778 2421 Dei&
795 2381 935 2435 Dagon
949 2380 1103 2422 cultum
1129 2379 1170 2422 in
1203 2378 1354 2436 populo
1366 2380 1474 2422 inter
1487 2378 1525 2419 se
1542 2378 1775 2421 dividerent
1789 2407 1803 2428 ,
1831 2377 1950 2433 usque
1981 2377 2076 2417 dum
2107 2375 2198 2418 zelo
2213 2377 2291 2417 Dei

293 2447 466 2479 armatus
483 2438 574 2480 Rex
589 2436 814 2493 Alphonsus
829 2438 1095 2494 (proutJouet
1107 2437 1148 2480 in
1163 2437 1230 2481 sua
1246 2438 1406 2480 historia
1421 2437 1679 2492 Religionum
1692 2463 1707 2485 ,
1729 2437 1768 2478 in
1799 2436 1981 2479 Italicam
2016 2436 2188 2490 linguam
2205 2444 2291 2475 tra-

291 2494 409 2539 ducta
420 2494 983 2552 t.2.p.m³bi421.c.2.refm)
998 2506 1212 2553 corrogata
1225 2498 1263 2539 in
1278 2510 1401 2540 unum
1415 2509 1603 2539 acervum
1619 2495 1734 2538 Idola
1745 2497 1836 2549 igne
1850 2495 2031 2543 cremari,
2048 2507 2136 2536 aras
2152 2492 2290 2534 bellui-

294 2567 351 2596 no
363 2554 548 2609 sanguine
558 2563 744 2597 natantes
760 2553 910 2597 destrui
923 2582 938 2606 ‚
967 2555 1007 2596 δι
1021 2554 1261 2610 triumphale
1277 2555 1468 2598 §.Crucis
1487 2556 1710 2611 trophaeum
1725 2557 1763 2595 in
1776 2567 1900 2610 regno
1914 2554 2013 2607 erigi
2028 2552 2235 2594 mandavit
2247 2578 2259 2591 .

413 2610 478 2654 Ad
492 2609 664 2655 feliciter
676 2623 856 2667 coeptum
874 2613 995 2667 Regis
1006 2627 1106 2668 opus
1123 2613 1283 2657 festinus
1297 2613 1532 2670 properavit
1555 2614 1749 2656 Sacerdos
1764 2639 1776 2659 ,
1804 2626 1854 2656 ex
1880 2615 2114 2656 sauciorum
2145 2609 2286 2653 Domi-

296 2670 378 2716 nici
394 2670 466 2721 ,R
481 2669 675 2713 Francisci
689 2700 705 2722 ,
721 2670 865 2727 ignatii
880 2671 958 2712 δισ-
972 2671 1147 2714 faminis
1163 2671 1397 2726 potiffimum
1412 2672 1564 2713 accitus
1584 2698 1600 2721 ‚
1619 2681 1880 2729 apertumque
1896 2668 2130 2723 Evangelici
2147 2666 2289 2708 laboris

293 2728 1512 2832 5:3{2'32521'¹⁰5{3”23⁰‘'⁰132'2‘2‘1“42:²3ss5:{?‘⁰{:¹“‘52²;⁶.}3
1530 2723 2218 2828 ⁶⁰¹:3³1&„15321‘2„⁹3,⁰L³32233s333
2233 2724 2289 2822 51¹²

241 2844 243 2846 ’
292 2854 381 2888 tum
396 2815 604 2888 destrend’i
618 2801 898 2889 difficultfflm
910 2872 924 2896 ‚
938 2847 1001 2890 vel
1011 2849 1064 2890 ob
1078 2801 1602 2903 ipron-15:3⁶0&rarioruriio,p
1597 2801 1758 2888 torridi>
1770 2843 1922 2886 climati
1940 2798 2113 2884 rgfistere
2129 2854 2206 2882 non
2225 2852 2289 2880 va·-

294 2903 461 2948 lentium
476 2902 692 2953 defectum,
708 2903 874 2947 claritas
888 2906 1110 2950 Catholicae
1128 2906 1230 2952 lucis
1243 2934 1258 2955 ‚
1279 2907 1408 2950 donec
1426 2908 1514 2948 Rex
1528 2904 1699 2947 Alvarus
1711 2916 1783 2960 per
1804 2904 2023 2944 Oratorem
2047 2900 2156 2942 suum
2188 2896 2287 2942 Mis-

296 2962 490 3005 fionarios
505 2963 734 3015 Capucinos
760 2962 781 3004 ἃ
806 2966 973 3008 Summo
984 2963 1178 3013 Pontifice
1194 2966 1323 3010 Paulo
1333 2967 1385 3007 V.
1402 2963 1605 3020 requifivit
1620 2991 1633 3004 .

412 3020 531 3063 Illico
542 3020 683 3062 horum
697 3021 884 3064 nonnulli
899 3022 949 3065 ad
963 3024 1222 3080 Apostolatt'is
1241 3026 1316 3067 iter
1333 3022 1442 3067 fuere
1460 3022 1588 3065 selecti
1604 3050 1619 3072 ,
1636 3022 1698 3064 cui
1715 3027 1848 3065 autem
1864 3016 2142 3068 continuando
2157 3015 2287 3071 primi)

298 3079 474 3127 Politica
488 3078 644 3120 obicem
665 3079 792 3132 posuit
805 3106 819 3130 ,
835 3081 875 3122 δι
887 3080 979 3124 dein
992 3084 1152 3129 noviter
1167 3082 1397 3127 inchoando
1412 3094 1541 3125 moras
1565 3079 1704 3133 iniecit
1729 3078 1933 3124 subsecuta
1948 3078 2058 3119 Pauli
2071 3079 2122 3118 V.
2153 3087 2257 3115 mors
2271 3101 2286 3124 ‚

298 3139 430 3182 donec
444 3135 510 3178 sub
529 3135 768 3182 Pontificatu
786 3139 972 3197 Gregorii
986 3142 1082 3184 XV.
1107 3142 1309 3187 &Urbani
1328 3142 1447 3185 vm.
1477 3152 1575 3195 opus
1600 3137 1675 3183 fuit
1690 3138 1963 3192 completum,
1992 3137 2033 3179 δι
2058 3132 2187 3177 Miffio
2203 3135 2285 3175 Ca-

298 3198 444 3254 pucina
458 3197 496 3236 in
515 3197 660 3250 Regno
674 3196 749 3238 hoc
763 3196 947 3250 stabilita,
963 3199 1082 3256 usque
1095 3203 1145 3246 ad
1162 3200 1398 3244 hodiernum
1414 3198 1636 3255 perdurans
1651 3207 1807 3255 tempus
1819 3226 1831 3239 .

417 3257 564 3310 Regno
577 3254 755 3310 Angolae,
766 3255 964 3311 Congenfi
981 3271 1028 3302 cx
1038 3269 1150 3314 parte
1165 3258 1417 3301 meridionali
1433 3257 1741 3306 contermino,&
1753 3256 1852 3299 olim
1867 3252 1971 3310 Regi
1983 3249 2181 3307 Congenfi
2195 3250 2284 3292 sub·

300 3313 404 3372 jecto
417 3343 431 3366 ‚
460 3312 646 3356 Lufitano
662 3315 792 3356 Marte
807 3313 1056 3367 postmodum
1070 3316 1226 3360 subacto
1242 3346 1256 3369 ‚
1286 3314 1357 3359 fuit
1368 3317 1408 3358 δι
1424 3316 1462 3358 in
1476 3318 1555 3360 hoc
1568 3318 1869 3372 Capucinorum
1886 3311 2014 3355 Miffio
2026 3310 2181 3351 inducia
2193 3335 2208 3358 ,
2237 3319 2285 3347 ac

302 3372 463 3419 demum
477 3385 525 3413 ex
542 3372 614 3415 hac
630 3372 671 3413 δι
683 3370 767 3423 illa,
780 3384 856 3412 una
869 3372 1086 3431 eademque
1106 3375 1338 3420 Praefeaura
1352 3375 1521 3418 conflata
1534 3404 1546 3416 .

417 3430 638 3475 Plurimum
652 3438 863 3485 utramque
877 3430 1097 3475 Miffionem
1125 3434 1325 3476 illustrant
1357 3429 1440 3477 tum
1456 3432 1638 3490 profcffio
1653 3436 1716 3476 Fr.
1733 3428 1952 3478 francisci,
1979 3424 2146 3469 Antonii
2164 3422 2285 3477 Regis

306 3488 439 3545 Congi
452 3487 666 3533 secundum
684 3502 843 3530 carnem
861 3490 1010 3532 Fratris
1027 3493 1244 3541 Germani,
1271 3491 1339 3548 qui
1369 3491 1470 3549 jussu
1497 3495 1536 3534 S.
1548 3489 1885 3547 Congregationis
1914 3486 1964 3528 de
1992 3480 2284 3537 PrOP²g²⁰d²⁴

304 3545 403 3587 Pide
417 3548 464 3588 ad
479 3546 642 3590 Ordinis
655 3546 781 3590 nostri
796 3548 990 3591 Habitum
1005 3548 1265 3601 susteptu32ac
1280 3554 1404 3593 Sacro
1420 3551 1707 3604 Presbyteratu
1720 3546 1924 3599 insignitus
1938 3542 2057 3599 usque
2071 3539 2120 3580 ad
2136 3552 2283 3582 annum

308 3616 324 3646 ¹
334 3604 432 3653 651.
445 3617 528 3658 quo
539 3605 602 3659 pie
616 3607 740 3658 obiit,
750 3606 938 3662 exemplo
951 3606 1142 3662 religiosae
1161 3608 1250 3649 vitae
1263 3609 1437 3663 spiritum
1450 3606 1667 3661 Apostolici
1685 3605 1829 3647 laboris
1842 3602 1968 3644 univit
1981 3629 1996 3650 ,
2010 3610 2095 3640 tum
2111 3595 2281 3653 pretiosa

301 3674 409 3702 mors
422 3691 437 3712 ,
449 3675 563 3717 quam
581 3664 620 3704 in
631 3663 710 3708 sola
725 3663 902 3708 Miffione
916 3665 1110 3720 Congensi
1132 3657 1182 3707 ab
1196 3663 1303 3716 huius
1316 3667 1471 3722 origine
1485 3664 1604 3720 usque
1618 3665 1668 3705 ad
1682 3675 1828 3704 annnm
1849 3661 1966 3712 1746.
1995 3656 2104 3714 juxta
2124 3658 2281 3698 Necro-

298 3717 451 3776 logium
465 3722 504 3767 in
517 3721 695 3782 Archivo
709 3724 893 3779 Procurae
906 3721 1116 3785 Generalis
1130 3719 1378 3774 asservatum,
1397 3736 1486 3778 ¹44·
1504 3725 1662 3766 fratres
1679 3719 1896 3777 subjerunt,
1910 3719 1976 3763 alii
1990 3715 2148 3774 quidem
2163 3714 2202 3781 in
2216 3714 2278 3755 via

2101 3786 2216 3816 maris
