2496 4172
410 138 577 247 368

346 282 445 324 vero
465 290 656 337 tanquam
672 279 893 326 restitutori
908 283 1015 335 pacis
1028 312 1043 336 ,
1066 283 1107 325 δι
1122 283 1310 327 fundato-

342 342 378 384 ri
407 340 579 395 publice
601 341 775 397 quietis,
799 344 972 385 maxima
998 345 1104 399 apud
1132 345 1310 385 homines

341 410 463 455 parta
478 401 609 458 gloria
620 426 636 449 ‚
659 398 783 458 majus
794 413 925 445 autem
939 404 1142 458 praemium
1156 430 1171 453 ,
1198 402 1309 457 paci-

342 456 477 559 ῗεὶςῤ
494 463 585 503 Deo
601 458 831 516 promiffum
843 488 858 511 ‚
883 463 923 504 in
934 461 1066 505 Coelis
1080 455 1310 504 affer-tum)

364 528 470 561 nent
482 548 497 560 ο

459 575 611 621 verim
623 605 639 629 ‚
650 579 733 632 qno
747 578 937 634 majorem
950 577 1195 634 adipiscendi
1209 579 1311 620 Coe-

342 633 479 678 lorum
495 637 627 692 Regni
642 635 899 679 securitatem
915 639 1045 680 Servo
1071 635 1140 677 suo
1154 633 1309 678 faceret

339 695 454 737 Deus
466 724 483 746 ,
495 694 672 750 permifit
685 707 778 736 eum
788 696 831 736 in
844 695 1090 736 tentationes
1103 695 1231 736 varias
1244 697 1308 735 in-

337 753 475 794 cidere
485 780 503 804 ,
523 750 837 807 graviffimasque
849 750 1144 808 persecutiones
1156 765 1231 806 pro
1244 750 1306 792 ‘u-

338 810 441 851 stitia
459 809 646 874 perpeti,
676 817 722 851 ut
742 809 860 863 ipfius
877 809 1007 852 virtus
1031 823 1107 864 per
1132 766 1306 850 tribuiti-

338 869 498 909 tionum
519 879 653 919 ignem
677 867 850 920 probata
873 865 1129 909 inveniretur
1152 866 1193 907 in
1222 867 1311 908 lau-

335 925 431 965 dem
457 925 499 964 δι
522 923 694 978 gloriam
722 923 763 964 in
787 923 855 966 die
876 924 1043 965 Domini
1068 923 1309 978 NostriJesu

334 981 519 1023 Christi:
550 983 654 1023 Nam
675 987 819 1035 praeter
842 981 1016 1022 immane
1041 979 1307 1035 supplicium,

334 1038 467 1082 eidem
489 1037 840 1095 Constantinopoli
866 1038 916 1081 ab
938 1036 1176 1080 Infidelibus
1201 1038 1307 1079 irro-

333 1108 470 1154 gatum
484 1126 501 1148 ,
522 1111 644 1153 quum
661 1097 766 1140 intra
780 1097 922 1141 Palatii
949 1097 1056 1152 septa
1077 1096 1308 1154 depreben-

331 1159 415 1199 sum
427 1185 440 1209 ,
465 1158 550 1212 quo
564 1156 615 1198 ad
628 1155 952 1200 annunciandum
967 1155 1119 1199 Christi
1146 1153 1304 1199 fidem..

329 1224 648 1269 penetraverat,
673 1213 831 1258 sublimi
854 1214 878 1258 ὲ
893 1214 1009 1259 trabe
1025 1214 1168 1260 ferreis
1190 1214 1306 1256 uncis

331 1272 622 1331 suspenderunt
637 1300 653 1323 ‚
681 1284 801 1331 atque
828 1274 920 1331 igne
937 1273 1132 1331 fumoque
1154 1271 1305 1330 suppo-

327 1334 404 1375 fito
421 1347 526 1391 pene
549 1331 793 1377 suffocfirunt
805 1361 823 1387 ,
854 1336 1085 1378 innumeras
1103 1333 1224 1377 etiam
1255 1332 1304 1375 ab

331 1392 533 1448 improbis
546 1392 770 1436 Cbristanis
786 1392 951 1451 injurias
965 1405 1087 1451 atque
1102 1391 1303 1435 molestias

333 1451 432 1508 saepe
460 1450 642 1495 sustinuit
661 1480 678 1504 ,
720 1452 820 1496 dum
849 1466 927 1509 pro
954 1451 1138 1509 suscepto
1167 1451 1302 1494 saneta

328 1509 626 1565 predicationis
647 1509 808 1563 officio,
832 1511 1040 1555 hominum
1060 1511 1159 1554 vitia
1171 1510 1302 1553 virili-

330 1578 393 1612 ter
406 1582 665 1626 oppugnans,
681 1579 802 1626 atque
817 1570 872 1613 ita
888 1570 1159 1626 pervicacium
1176 1566 1302 1612 offen·

325 1627 475 1672 tionem
499 1630 725 1678 incurrens,
740 1629 975 1673 verberibus
990 1630 1110 1686 saepe,
1135 1628 1176 1670 δι
1188 1628 1301 1670 cola-

325 1688 444 1742 phis,
470 1687 508 1730 dt
530 1687 793 1731 contumeliis
818 1689 1029 1744 impetitus
1044 1715 1057 1736 ,
1080 1688 1300 1742 aliquando

324 1748 448 1789 etiam
462 1746 503 1788 in
521 1747 612 1790 vitae
621 1745 839 1790 discrimen
853 1746 1050 1790 adductus
1067 1744 1166 1788 fuit.
1199 1748 1300 1803 Qiae

323 1814 460 1847 tamen
474 1806 610 1848 omnia
623 1832 639 1857 ‚
660 1819 783 1860 quum
800 1819 874 1847 nec
889 1804 1006 1860 ipfius
1022 1803 1298 1847 mansuetudi-

320 1876 419 1907 nem
444 1876 575 1918 neque
590 1862 853 1905 constantiam
881 1863 978 1905 loco
997 1863 1210 1906 dimovere
1228 1874 1294 1902 va·

322 1922 474 1964 luerint
490 1949 505 1971 ‚
524 1919 697 1963 totidem
709 1924 909 1977 Joscrt-to
926 1921 1075 1976 gradus
1091 1919 1192 1962 faeta
1206 1915 1293 1961 sunt

319 1979 369 2019 ad
385 1994 408 2021 c
419 1978 592 2022 xlc-item
607 1980 857 2036 triumphum
872 2008 887 2031 ‚
911 1993 1030 2035 quem
1046 1981 1113 2035 ipfi
1129 1978 1292 2021 tandem

315 2038 342 2081 a
358 2036 460 2140 jugie
473 2037 616 2096 judice
644 2039 843 2084 tributum
866 2037 975 2082 fuiffe
1000 2051 1083 2083 non
1098 2038 1152 2083 est
1178 2037 1294 2080 dubi-

319 2107 390 2141 tan
422 2111 511 2139 um.

432 2156 480 2201 ld
496 2156 606 2199 enim
631 2157 780 2202 evincit
796 2158 916 2214 ipsius
946 2157 1123 2214 pretiosa
1153 2170 1259 2201 mors
1277 2183 1296 2210 ,

314 2229 435 2272 quam
475 2215 581 2271 apud
616 2217 823 2272 Oppidum
860 2217 1074 2262 Amatricis
1114 2216 1294 2259 Reatina:

313 2276 541 2323 Dioecelis‚
570 2274 657 2330 post
669 2276 902 2319 diuturnam
938 2275 1221 2318 infirmitatem
1251 2276 1291 2317 in

310 2333 474 2391 pietatis
488 2360 503 2384 ‚
526 2333 567 2376 δι
580 2333 780 2390 patientie
794 2333 1156 2379 exercitationibus
1182 2343 1288 2376 tran·

309 2391 481 2442 saetam,
511 2405 617 2436 auno
628 2394 754 2437 artatis
782 2394 856 2438 suae
878 2393 1208 2450 quinquagesimo
1234 2391 1289 2436 se·

309 2452 471 2508 ptimo,
501 2450 849 2497 ablocarnatione
875 2454 1035 2495 Domini
1065 2463 1294 2500 moesti„

309 2509 467 2566 placide
482 2510 584 2564 objit
609 2509 649 2552 in
676 2510 819 2555 osculo
839 2510 1037 2566 Domini3
1062 2513 1104 2554 δι
1128 2508 1293 2555 manife-

309 2568 366 2611 ss'e
382 2568 594 2610 oflendunt
615 2568 781 2611 illustria
797 2571 903 2624 ligna
924 2580 1050 2626 atque
1065 2568 1260 2613 miracula
1272 2594 1290 2620 2

307 2640 395 2683 quoe
422 2626 473 2668 ab
489 2627 774 2683 omnipotenti
792 2630 910 2680 Deo,
939 2638 1024 2671 tum
1057 2628 1286 2685 saepejosn·

308 2700 398 2728 rito
421 2688 581 2728 vivente
598 2714 611 2737 ,
642 2695 729 2728 tum
744 2687 867 2731 etiam
886 2689 924 2730 in
940 2687 1021 2744 ipsa
1034 2685 1120 2743 ejus
1138 2695 1291 2737 morte,

304 2746 345 2786 δι
376 2743 460 2796 post
486 2742 595 2786 illam
612 2772 628 2797 ,
653 2745 762 2789 edita
783 2743 978 2801 suerunt3
1007 2751 1112 2790 inter
1136 2758 1222 2801 que
1245 2745 1285 2788 id

305 2801 395 2845 sani:
413 2803 599 2845 mirabile
614 2801 688 2847 fuit
703 2834 718 2857 ,
742 2807 850 2864 quod
869 2803 1047 2849 defunffi
1061 2818 1208 2859 corpus
1224 2794 1286 2846 al-

305 2861 413 2904 fidua
430 2863 701 2907 maceratione
714 2892 730 2918 ,
755 2878 804 2908 ac
818 2864 948 2909 morbi
968 2866 1139 2908 viantes
1156 2861 1279 2920 squal·

307 2920 463 2971 lidum,
492 2921 676 2965 inusitati
690 2924 844 2966 coloris
863 2925 902 2966 et
920 2922 1063 2980 speciei
1080 2923 1284 2967 venustate

306 2988 472 3032 repente
487 2979 632 3022 florere
646 3007 663 3032 ‚
690 2983 729 3024 δι
746 2981 1011 3027 suarissimum
1025 2982 1199 3027 odorem
1211 2994 1279 3025 ex·

304 3037 440 3079 balare
466 3039 591 3092 cta-pit
615 3051 632 3092 ς
655 3041 796 3084 intima
826 3042 925 3085 veto
956 3040 1073 3098 ipfiua
1102 3040 1284 3093 viscera,

306 3095 466 3139 medico
478 3094 616 3139 cultro
629 3097 816 3152 diffeela,
843 3100 955 3144 nulla
980 3100 1132 3145 imbuta
1147 3099 1284 3150 [ιι-σοι

301 3154 368 3198 fed
396 3155 524 3199 lacteo
537 3156 715 3213 quodam
746 3161 912 3203 humore
937 3168 1025 3203 tota
1051 3159 1281 3204 redundate

302 3225 464 3269 reperta
491 3213 604 3258 sunt.
637 3217 868 3261 Innumcras
890 3219 988 3262 vero
1015 3220 1196 3274 gratias,
1225 3216 1280 3261 ad

295 3273 474 3329 Jottritt
496 3274 792 3320 invocationem
812 3278 836 3321 a
856 3279 945 3320 Deo
974 3275 1012 3320 se
1027 3274 1279 3324 obtinuisse,

300 3334 430 3376 testati
457 3332 544 3378 sunt
564 3332 750 3388 Fideles,
777 3336 844 3391 qui
861 3335 912 3379 ad
929 3337 1044 3392 ipsius
1071 3333 1186 3379 suna·
1202 3349 1278 3379 un-

299 3391 422 3449 dique
436 3394 667 3450 trequentes
678 3404 959 3438 convenerunt
973 3420 989 3446 ‚
998 3404 1165 3452 propter
1178 3407 1276 3437 con·

299 3461 459 3517 ceptam
476 3452 528 3496 de
548 3451 663 3507 ipsius
679 3452 887 3497 sanaltate
897 3454 1163 3509 opinionem
1195 3451 1274 3508 qu!

299 3521 424 3554 ctiam
443 3510 678 3568 impellente
692 3514 897 3571 ‚lotarut
917 3515 1040 3556 Clret
1055 3542 1069 3566 ‚
1097 3511 1180 3569 poll
1198 3513 1273 3555 ali·

300 3581 399 3624 quot
427 3584 554 3614 annos
582 3600 596 3625 ,
633 3573 744 3629 pium
776 3572 874 3615 illud
904 3569 1057 3615 facinus
1084 3572 1273 3616 audafier

298 3629 1272 3747 53:55¹22022322·:2:‘3“3„3rs.:¹:2“‘.2:z‘sast‘ssrt

300 3750 570 3792 venerandum
598 3752 715 3807 ipfius
741 3764 891 3808 corpus
917 3752 1200 3808 asportarent,
1230 3753 1267 3794 &

1102 135 1641 227 ‹Monumenta

1370 279 1591 326 Leonissam
1604 276 1837 328 deferrent3
1867 274 1983 317 firma
2005 275 2070 332 spe
2088 274 2196 319 ducti
2213 304 2227 328 ‚
2266 277 2355 318 mass

1368 356 1489 396 gnum
1517 339 1587 380 fibi
1616 336 1801 379 adversus
1830 335 2061 389 ingruentes
2089 337 2352 379 calamitates

1368 404 1406 443 in
1422 400 1528 441 illius
1543 393 1772 454 poffeffione
1786 423 1801 446 ‚
1825 407 1871 436 ac
1889 393 2002 437 Servi
2019 393 2095 436 Dei
2111 396 2349 450 patrocinio

1369 457 1593 516 praefidium
1611 452 1699 498 fore
1712 483 1725 496 .

1487 519 1677 571 Cumque
1705 513 1756 555 ad
1774 513 2005 570 legitimum
2031 509 2350 556 instruendum-0

1372 574 1565 632 judicium
1581 575 1632 618 de
1646 572 1760 629 ipfius
1778 570 2081 616 Beatificatione
2110 571 2150 611 δι
2167 571 2349 619 Canoni-

1367 635 1552 686 zatione,
1578 633 1676 676 nihil
1694 631 1843 675 deeffet
1872 643 2040 681 eorum,
2070 641 2157 684 quae
2183 643 2256 684 per
2273 632 2349 671 Sa-

1366 707 1528 736 crorum
1542 695 1757 736 Canonum
1785 693 1826 734 &
1851 689 2201 734 Constitutionum
2227 691 2342 741 Apo·

1366 751 1598 794 stolicarum
1623 754 1799 794 Decreta
1830 751 2125 806 requiruntur3
2160 745 2347 789 nonnulli

1366 809 1542 864 primum
1570 806 1771 852 Proceffus
1809 810 1831 851 i
1874 813 2078 853 Locorum
2116 805 2347 848 Ordinariis

1369 866 1580 907 construet}
1597 894 1612 916 ,
1635 880 1728 908 mox
1755 868 1879 910 etiam
1906 867 1972 909 alii
1995 865 2232 922 Apostolica
2259 867 2346 908 Au·

1366 924 1555 965 ctoritate
1568 922 1737 966 confecti
1754 923 1918 968 fuerunt
1931 954 1947 977 ,
1962 939 2012 968 ex
2026 927 2166 982 quibus
2180 923 2260 966 des
2253 937 2344 967 um-

1366 991 1443 1035 ρει
1470 979 1561 1022 sunt
1597 990 1684 1024 tum
1715 979 1930 1026 Virtutum
1953 985 2265 1040 Theologalium
2302 983 2343 1025 δι

1366 1035 1650 1081 Cardina‘lium
1667 1065 1682 1090 ,
1706 1039 1829 1095 iisque
1846 1042 2123 1095 adnexarum,
2150 1057 2236 1099 quae
2270 1043 2344 1085 in.»

1356 1097 1560 1153 Josem-to
1589 1097 1877 1149 emicuerunt,
1900 1110 1987 1141 turn
2014 1105 2138 1145 etiam
2163 1104 2343 1145 Miraeu-

1363 1155 1497 1200 lorum
1511 1182 1525 1206 ,
1550 1154 1637 1210 ejus
1653 1154 1932 1200 interceffione
1952 1159 1977 1200 a
2003 1160 2094 1202 Deo
2107 1161 2341 1213 editorum,

1364 1211 1587 1272 pleniffimae
1601 1214 1886 1271 probationes;
1912 1214 2056 1270 quibus
2073 1229 2144 1272 per
2160 1219 2338 1262 nileaos

1365 1272 1495 1318 Filios
1528 1270 1794 1317 Confiiltores
1822 1274 2166 1332 congregationis
2195 1280 2343 1321 Sacro·

1365 1345 1452 1375 rum
1472 1332 1669 1382 Rimum,
1694 1332 1844 1376 deinde
1860 1346 1933 1389 per
1951 1336 2056 1377 Ven.
2069 1335 2233 1378 Fratres
2249 1338 2342 1379 No·

1362 1391 1462 1435 stros
1487 1394 1532 1434 S.
1550 1394 1600 1434 R.
1616 1393 1665 1435 E.
1681 1391 1922 1437 Gardinales
1947 1393 2079 1436 cidem
2104 1397 2341 1451 congrega·

1362 1451 1464 1495 tioni
1492 1449 1751 1507 praepofitos,
1775 1450 1931 1496 mature
1958 1453 1999 1495 Gt
2019 1466 2069 1496 ex
2098 1452 2244 1496 ordine
2270 1453 2337 1497 di-

1362 1508 1489 1554 scuffis
1513 1536 1529 1561 ,
1564 1512 1698 1554 sanctae
1724 1512 1927 1555 memorie
1952 1508 2222 1555 Proedeceffor
2248 1515 2340 1557 No-

1362 1570 1439 1613 ller
1455 1570 1648 1614 Clemens
1664 1570 1768 1626 Papa
1784 1572 1883 1614 xit.
1913 1570 2063 1617 auditis
2076 1585 2219 1616 eorum
2240 1585 2343 1615 con-

1361 1628 1485 1681 filiis,
1513 1629 1580 1671 die
1598 1630 1770 1687 xr.Julii
1799 1629 1908 1672 Anni
1930 1643 2208 1675 moccxxxtv.
2237 1628 2340 1674 defi·

1359 1689 1489 1742 nivit;
1510 1687 1694 1744 Constare
1703 1688 1934 1748 lejosr-:ri-tt
1956 1688 2175 1733 Virtutum
2186 1691 2342 1745 Ingra-

1357 1748 1410 1791 da
1424 1747 1604 1800 beroia-03
1626 1760 1671 1790 ac
1686 1747 1866 1790 [imiliter
1893 1748 2075 1814 triennio
2095 1747 2203 1803 post,
2233 1747 2340 1794 die-a

1354 1807 2199 1918 3:335&:1223{2¹:¹202222552‘252532';¹
2212 1806 2336 1908 ἰξεηὶἒῗ

1357 1935 1444 1964 rum
1458 1922 1510 1965 de
1524 1934 1673 1976 puero,
1699 1922 1767 1978 qui
1783 1922 1804 1964 ὲ
1820 1922 2035 1966 nativitate
2049 1923 2260 1979 palpebras
2275 1923 2335 1966 in·

1355 1992 1419 2025 ter
1447 1978 1486 2023 se
1503 1980 1606 2023 adeo
1619 1979 1772 2037 junctas
1801 1979 1975 2025 babebat
1990 2009 2004 2035 ,
2028 1992 2072 2025 ut
2101 1981 2203 2025 lucis
2221 1981 2335 2026 usura

1357 2041 1424 2099 ipli
1443 2041 1644 2097 perpetuo
1660 2036 1873 2084 interclusa
1887 2038 2143 2097 judicaretur
2153 2053 2171 2095 3
2185 2040 2335 2097 implo-

1356 2098 1444 2144 rati
1474 2100 1574 2143 vero
1602 2097 1717 2155 super
1742 2112 1835 2143 eum
1848 2099 2029 2157 jossnffl
2059 2114 2163 2157 ope,
2192 2099 2338 2145 oculos

1355 2159 1486 2203 statim
1511 2159 1700 2215 aperuit,
1731 2155 2032 2216 perfectumque
2061 2158 2219 2203 vifionis
2244 2159 2334 2203 sen·

1355 2219 1436 2261 sum
1463 2216 1656 2274 deinceps
1670 2218 1874 2262 obtinuit:
1902 2218 2228 2277 dequeJostpbo
2245 2221 2336 2263 No·

1354 2276 1495 2330 vello,
1519 2277 1586 2333 qui
1599 2290 1720 2332 quum
1735 2275 1966 2335 grarissimo
1982 2277 2148 2322 vulnere
2172 2278 2212 2322 in
2229 2290 2334 2334 genu

1352 2335 1548 2387 litut-istus
1566 2333 1694 2379 fuiffet
1707 2364 1723 2388 ,
1748 2337 1944 2378 invocato
1956 2335 2072 2381 Servi
2088 2335 2168 2379 Dei
2196 2335 2333 2379 nomi·

1353 2407 1419 2447 ne,
1434 2404 1641 2435 momento
1654 2392 1845 2447 temporis
1860 2393 2018 2434 sanatus
2033 2388 2132 2455 sq‘t.
2163 2392 2219 2436 Et
2229 2405 2330 2436 eon-

1353 2452 1594 2510 sequenter,
1619 2448 1798 2506 deiplius
1821 2451 1972 2505 pariter
1986 2450 2329 2506 congregationis

1351 2509 1519 2555 confilio
1536 2535 1552 2558 ‚
1576 2508 1690 2551 idem
1720 2506 1984 2552 Proedecelsor
2010 2507 2060 2551 ad
2088 2509 2330 2566 publicum.»

1350 2567 1701 2625 cultumjoscrtto
1715 2566 2007 2622 indulgendum
2022 2565 2242 2622 progretrus
2255 2568 2326 2611 est:

1347 2630 1441 2682 Qua
1457 2626 1511 2670 de
1528 2641 1570 2670 re
1595 2624 1792 2680 expeditis
1806 2625 2048 2680 Apollolicis
2065 2625 2231 2669 Litteris
2259 2625 2326 2671 die

1350 2698 1442 2731 xix.
1456 2684 1637 2744 ejusdem
1654 2682 1793 2728 meniis
1810 2684 1850 2727 δι
1864 2683 1955 2726 anni
1969 2710 1983 2734 ,
2012 2681 2098 2737 ejus
2116 2681 2325 2728 Beatifica-

1346 2745 1469 2788 tionis
1496 2742 1702 2789 solemnia
1730 2743 1768 2785 in
1787 2741 1952 2786 Basilica
1976 2743 2232 2787 Lateranenli
2255 2755 2326 2786 ce.

1349 2805 1502 2849 lebrata
1517 2801 1684 2846 fuerunt
1699 2829 1714 2854 ,
1736 2802 1896 2860 aliaque
1913 2801 2083 2857 religion
2098 2800 2233 2847 cultus
2248 2804 2324 2845 ob·

1346 2863 1479 2920 sequia
1494 2891 1508 2914 ,
1532 2861 1582 2904 ad
1610 2859 1780 2903 sormam
1800 2860 2059 2907 lndultorum
2083 2862 2122 2904 in
2144 2859 2324 2905 iisdem-2

1347 2922 1512 2968 Litteris
1525 2930 1811 2964 contentorum
1827 2946 1839 2970 ‚
1862 2918 1977 2976 ipfiut
1997 2920 2108 2964 Beati
2125 2920 2217 2963 Viri
2238 2933 2322 2963 tne-

1344 2981 1480 3024 morioe
1508 2980 1662 3026 summo
1677 2978 1876 3024 Fidelium
1900 2978 2033 3024 studio
2056 2975 2223 3024 fuerunt
2249 2992 2322 3024 ex-

1342 3041 1497 3084 Μωω.
1922 3055 1930 3063 ·

1457 3098 1605 3144 Altero
1617 3106 1753 3141 autem
1767 3097 1929 3142 biennio
1941 3097 2006 3143 rix
2018 3096 2153 3156 elapso
2162 3124 2176 3148 ‚
2193 3110 2318 3156 quum

1340 3157 1473 3202 eidem
1488 3158 1692 3203 Clementi
1712 3156 1995 3201 Prndecellort‘
2019 3171 2093 3214 pro
2106 3166 2221 3215 parte
2237 3157 2318 3202 Mi-

1338 3218 1447 3262 nissri
1463 3217 1675 3262 Generalis
1690 3216 1856 3261 Ordinis
1875 3218 2082 3262 Minorum
2098 3218 2137 3261 S·
2153 3214 2317 3260 Franci·

1337 3275 1391 3321 sci
1408 3278 1716 3334 Capueinorum
1729 3302 1745 3329 ,
1772 3275 1897 3319 totius
1914 3275 2139 3333 Religionis
2153 3272 2226 3319 sun
2239 3286 2318 3317 no·

1338 3337 1447 3380 mine
1461 3364 1477 3388 ,
1500 3337 1722 3391 expolitum
1740 3332 1897 3388 suisset,
1922 3334 2040 3392 iplius
2054 3331 2314 3380 Virisancti-

1336 3405 1462 3440 tatem
1485 3395 1601 3439 novit
1622 3405 1747 3455 atque
1772 3392 2046 3452 frequentibus
2059 3388 2267 3438 eraculis
2291 3387 2314 3432 a

1337 3456 1427 3499 Deo
1443 3452 1659 3506 illustrari,
1688 3449 2042 3508 communibusque
2058 3448 2309 3506 Populorum

1334 3515 1450 3559 Votis
1472 3539 1487 3564 ‚
1530 3522 1653 3569 atque
1688 3514 1811 3557 ctiam
1839 3507 2171 3568 postulationibus
2206 3507 2309 3552 clar.

1332 3587 1454 3618 mem.
1479 3571 1712 3618 Carolivl.
1739 3566 2016 3627 Hispaniarum
2030 3565 2238 3611 Catholici
2267 3566 2309 3608 dt

1335 3635 1614 3677 Romanorum
1631 3629 1758 3686 Regis
1789 3629 1829 3672 ln
1845 3630 2145 3684 Imperatorum
2159 3624 2276 3669 electi
2289 3649 2304 3672 ‚

1333 3706 1405 3735 nec
1426 3705 1509 3736 non
1520 3689 1849 3734 Charissimorum
1876 3685 1915 3727 in
1930 3685 2095 3729 Christo
2109 3683 2303 3729 Filiorum

1331 3752 1572 3796 Nostrorum
1585 3750 1739 3802 Magn:
1754 3744 1958 3789 Brittania
1969 3773 1985 3798 ,
2012 3743 2302 3843 Pomm-tien·

2167 3813 2194 3857 ‘l
