2496 4172
340 128 508 211 166

272 268 440 326 preisam
454 298 469 320 ,
479 270 816 330 exploratamque
830 275 1072 319 haberemus
1081 306 1095 329 ‚
1109 288 1246 320 totum

271 333 352 371 boc
363 328 632 385 graviffimum
657 333 699 373 δι
719 334 988 378 inveteratum
1006 337 1212 392 negotium
1231 364 1247 387 ,

270 394 366 430 cu.
378 390 667 443 approbatione
690 392 731 433 δι
758 393 929 435 confilio
943 395 1253 437 Venerabilium·

272 450 460 491 Fratrum
485 450 728 492 Nostrorum
758 455 799 494 S.
823 454 874 494 R.
891 455 940 494 Ε.
969 453 1248 495 Cardinalium

273 505 536 550 Generalium
552 509 839 562 lnquifitorum
852 539 868 563 ‚
888 519 934 552 ut
955 510 1101 567 supra,
1121 511 1245 566 depu-

271 575 452 607 tatorum
466 593 483 617 ‚
506 565 671 608 tandem
699 568 924 622 dijudicare
936 583 983 611 ac
996 569 1163 612 definire
1176 571 1247 612 de·

272 624 528 667 liberavimus
542 651 555 665 .
586 625 824 682 Auditiffque
840 638 1055 682 propterea
1069 636 1155 670 tuni
1172 642 1243 670 eo·

270 683 445 725 rundem
461 683 761 726 venerabiiium
777 687 961 727 Fratrum
977 687 1241 732 Nostrorum,

259 736 356 782 *tum
377 743 498 783 etiam
515 740 805 784 consultorum
822 741 1029 786 sententiis
1043 771 1059 794 ‚
1088 758 1134 785 ac
1153 755 1243 784 rur-

272 803 333 843 sus
360 801 410 841 ad
426 800 619 854 trutinam
647 799 849 841 revocatis
863 829 878 852 ‚
906 803 945 842 &
958 815 1099 843 coram
1114 800 1244 844 Nobis

272 858 450 899 multum
475 885 489 907 ,
518 858 669 911 diuque
698 858 897 913 perpenfis
922 869 1044 912 atque
1069 857 1244 900 discuffis

272 914 615 957 moderationibus
629 913 728 965 illis,
740 929 836 969 quas
855 915 1106 969 postularunt
1118 919 1144 959 a
1161 919 1245 959 Νο-

274 976 332 1015 bis
347 973 436 1021 illi,
450 973 519 1026 qui
532 971 676 1013 duram
691 984 814 1026 atque
824 972 1031 1016 difficilem
1049 975 1245 1016 Decrcto-
1266 970 1272 975 ’

270 1045 359 1073 rum
386 1030 509 1071 toties
533 1032 841 1074 enunciatornm
865 1032 1063 1088 integram
1087 1029 1244 1074 absolu-

271 1100 429 1142 tamque
442 1085 733 1130 observantiam
748 1087 1019 1132 existimfirunt
1031 1117 1048 1142 ‚
1062 1090 1101 1131 in
1121 1091 1247 1144 hunc,

268 1147 337 1205 qni
352 1144 530 1202 sequitur
545 1173 561 1197 2
577 1146 741 1191 modum
756 1177 771 1201 ,
782 1148 989 1193 statuimus
1002 1177 1017 1202 ,
1032 1159 1156 1206 atque
1169 1149 1243 1191 de·

269 1219 497 1248 crevimus.

385 1267 447 1306 Ac
476 1265 608 1319 primo
637 1265 804 1321 quidem
829 1293 846 1316 ‚
885 1267 1246 1311 animadvertentes

276 1323 772 1381 impolitamJurisjurandi
802 1325 930 1383 legem
955 1325 1031 1369 effe
1047 1325 1245 1370 velutisa·

269 1383 535 1426 luberrimuin
577 1382 811 1426 antidotum
854 1388 1132 1444 extinguendo
1169 1386 1248 1441 gli-

270 1440 466 1484 scentium
490 1443 647 1490 litium,
673 1442 1049 1502 discordiarumque
1063 1458 1248 1496 veneno,

270 1500 590 1561 aptiffi'mumque
619 1500 668 1542 ad
699 1504 973 1548 cohibendam
1003 1504 1248 1553 licentiam,

271 1559 560 1615 libetatemque
572 1559 766 1614 opinandi
778 1591 794 1613 ,
805 1563 1121 1620 interpretandi,
1128 1576 1246 1618 agen.

269 1619 312 1659 di
326 1617 502 1671 denique
515 1632 592 1672 pro
610 1618 730 1662 libito
746 1622 786 1663 in
800 1635 843 1663 re
852 1632 936 1664 tam
947 1622 1057 1679 gravi
1083 1623 1123 1664 δι
1146 1622 1246 1677 peri-

269 1675 402 1719 culosa
417 1673 580 1718 frenum
594 1677 787 1732 exiliere-3
814 1679 1015 1724 censuras
1042 1680 1206 1737 quoque
1222 1682 1247 1725 ὲ

268 1736 460 1791 predicto
474 1735 693 1781 Clemente
710 1739 803 1781 xit.
836 1738 1125 1784 Praedeceffore
1157 1743 1243 1782 No-

267 1795 350 1837 flro
378 1796 416 1836 in
448 1793 670 1837 enuntiatis
700 1798 866 1840 Litteris
897 1825 913 1849 ‚
955 1797 1243 1853 incipientibus

268 1852 500 1896 concredito
516 1852 635 1895 Nobis
649 1855 877 1899 constitutas
890 1885 903 1907 ‚
925 1856 979 1898 ad
1002 1857 1112 1899 solos
1126 1855 1243 1898 dum·

267 1921 380 1952 tasat
410 1911 867 1966 pertinereApolloli'cae
895 1913 998 1970 legis
1025 1926 1245 1969 precepto·

269 1984 360 2011 siim
389 1969 608 2011 violatores
631 1998 646 2021 ‚
682 1971 917 2029 easdemque
946 1973 987 2016 in
1012 1970 1244 2027 hujusmodi

268 2026 424 2069 tantum
437 2026 713 2079 refractarios,
739 2044 914 2087 quorum
937 2032 1089 2075 animos
1111 2042 1243 2087 neque

268 2085 553 2129 Eccleliassicae
579 2088 896 2134 mansuetudinis
921 2089 1082 2143 officia,
1113 2101 1243 2145 neque

267 2156 439 2200 paternae
453 2146 733 2190 admonitionis
758 2149 936 2192 charitas
957 2150 1143 2201 vincere,
1173 2156 1244 2189 aut

268 2203 469 2246 inflectere
491 2203 580 2246 ullo
610 2206 735 2248 modo
748 2205 932 2262 pollent,
962 2206 1245 2264 justinianam-2

267 2275 431 2319 poemm
456 2259 534 2304 css'c
558 2264 703 2307 &sore
719 2276 983 2321 reputantes,
1008 2280 1085 2308 non
1115 2264 1246 2309 soli'tm

266 2322 588 2376 inopportunum
617 2322 839 2367 censuimus
874 2324 1143 2379 iusiurandum
1166 2322 1245 2365 ali-

267 2394 341 2436 qua
370 2379 409 2421 in
427 2392 541 2435 parte
552 2382 792 2433 remittere,
820 2396 889 2426 aut
914 2382 1116 2427 moderari
1130 2385 1245 2426 Cen-

268 2437 408 2491 sutas-⁶,
436 2438 545 2493 quod
571 2442 703 2496 primo
717 2438 946 2486 suitabillis
964 2440 1244 2499 propositum,

274 2496 416 2540 rerum
446 2498 570 2541 etiam
591 2498 647 2541 de
662 2500 847 2554 predicto
873 2500 1043 2546 conlilio
1067 2497 1237 2543 &aisen-

270 2557 338 2606 su,
361 2569 407 2598 ac
432 2556 486 2600 de
503 2557 756 2611 plenitudine
771 2561 977 2606 potestatis
1001 2567 1028 2606 a
1054 2562 1146 2603 Deo
1160 2562 1243 2602 Νο-

270 2615 330 2658 bis
348 2615 592 2659 concredita
604 2643 619 2668 ,
649 2617 752 2661 illud
771 2647 786 2671 ,
816 2619 980 2678 illasque
997 2618 1212 2674 probamus
1230 2644 1246 2668 ‚

270 2672 558 2717 confirmamus
578 2674 924 2732 ,etiumvamu·,
955 2678 1172 2735 illudque,
1202 2677 1244 2719 δι

268 2731 357 2775 illas
371 2746 491 2776 omne
506 2732 628 2775 robur
651 2736 688 2777 δι
718 2734 1015 2782 firmamentum
1031 2763 1046 2786 ‚
1066 2748 1244 2780 omnem-

268 2805 346 2847 que
358 2790 439 2834 vim
466 2792 506 2835 ὰ
518 2789 738 2837 efficaciam
750 2794 995 2851 inposterum
1009 2797 1162 2851 semper
1179 2795 1243 2836 hs·

270 2854 391 2900 bere,
419 2848 586 2905 suosque
601 2851 799 2904 plenarios
825 2855 862 2897 δι
886 2855 1065 2912 integros
1086 2851 1245 2898 effeetus

275 2906 407 2950 fiiriiri
428 2909 468 2951 ἅ
495 2911 706 2959 obtinere,
735 2916 923 2971 atqueab
939 2914 1047 2968 illis,
1071 2913 1121 2956 ad
1145 2924 1245 2969 quos

270 2965 420 3018 spectat
433 2993 449 3030 ,⁹
471 2967 512 3009 δι
527 2982 603 3022 pro
619 2979 802 3025 tempore
810 2972 1146 3029 quandocumque
1164 2970 1188 3013 s
1181 2985 1246 3026 pe-

270 3026 390 3068 cinisii
401 3050 416 3072 ,
434 3026 721 3071 inviolabiliter
744 3031 783 3072 ὰ
797 3031 1031 3078 inconcusse
1044 3029 1245 3077 observari

270 3084 520 3128 decernimus
532 3086 571 3127 ἀ
585 3083 762 3136 jubemus
772 3117 783 3129 .

385 3142 507 3198 Quod
534 3153 671 3187 autem
693 3147 842 3191 attinet
872 3149 924 3192 ad
952 3148 1227 3206 secundampo

272 3201 529 3246 llulationem
565 3202 618 3245 de
646 3217 769 3260 proto
797 3208 899 3250 anda
924 3207 1138 3263 supradicta
1167 3203 1245 3251 dis-

273 3258 503 3317 pensatione
518 3286 533 3309 ι
544 3274 661 3318 quam
676 3265 730 3308 Pr
791 3267 940 3309 cceilor
962 3267 1156 3311 Nosscrin
1171 3267 1244 3308 de-

270 3320 459 3363 cennium
475 3320 663 3366 concesslt
675 3347 692 3372 s
715 3334 758 3367 ut
773 3323 924 3368 scilicet
942 3339 1014 3381 per
1029 3326 1068 3369 id
1083 3335 1167 3368 tem

274 3380 326 3421 ris
338 3405 354 3428 ‚
370 3379 409 3421 in
423 3381 687 3424 sacramento
700 3381 951 3435 Baptismus
962 3382 1159 3428 conscren
1188 3396 1218 3426 o
1230 3408 1246 3434 ‚

273 3436 397 3481 salire
413 3436 477 3480 usu
494 3439 716 3494 abstinere,
738 3443 779 3485 δι
807 3441 935 3486 sacras
963 3443 1246 3487 insuillatioiies

273 3498 310 3538 iii
324 3496 493 3541 occulto
505 3498 700 3544 adhibete
714 3499 883 3550 liceret,
908 3513 1137 3547 nontamen
1168 3502 1244 3544 hoc

274 3558 495 3612 generatim
511 3585 527 3609 ‚
548 3571 678 3616 neque
705 3560 929 3605 indistinete
944 3588 960 3613 ,
985 3559 1050 3605 sed
1073 3561 1141 3605 ubi
1156 3574 1246 3618 gra-

275 3617 331 3654 vii
345 3615 478 3671 aliqua
498 3644 514 3668 ‚
531 3619 573 3661 δι
585 3628 698 3662 certa
715 3618 919 3665 nccellitas
934 3620 1147 3677 pullularet
1163 3646 1178 3670 ‚
1201 3629 1245 3663 ut

278 3673 517 3717 luculentius
543 3679 582 3720 in
605 3672 779 3732 ejusdcm
798 3681 960 3723 Litteris
980 3678 1244 3735 Apostolicm

277 3742 440 3783 qustum
458 3735 615 3778 'initium
630 3740 873 3794 Cemprrtmae
891 3768 906 3791 ‚
928 3741 1247 3795 exploratumque

994 132 1504 242 Monumenta

1305 274 1529 332 expreffum
1544 272 1598 315 est
1611 301 1626 326 ,
1643 275 1732 317 Nos
1746 273 1955 317 declarare
1971 271 2062 326 satis
2088 285 2168 315 non
2193 269 2287 324 pos-

1306 337 1462 384 sumus,
1492 335 1611 387 quain
1640 334 1745 388 aegre
1775 332 1948 375 feramus
1975 359 1990 382 ‚
2019 335 2127 387 quod
2160 329 2285 371 nullis

1307 394 1437 435 adhuc
1453 392 1576 432 certis
1590 391 1768 442 indiciis,
1783 403 1852 434 aut
1866 391 2113 444 argumentis
2129 400 2286 440 cogno-

1306 451 1413 493 scere
1426 449 1678 503 potuerimus
1693 475 1708 499 ‚
1740 462 1876 493 utrum
1891 446 2127 493 Missionarii
2155 442 2285 500 perid

1304 506 1490 552 decenfiii
1506 519 1658 562 tempus
1680 537 1696 559 ,
1717 508 1827 566 quod
1844 506 1926 564 jam
1940 499 2118 554 elapsum
2132 502 2208 546 effe
2225 503 2286 543 di·-

1304 567 1536 623 gnoscitur,
1566 567 1617 609 ad
1646 567 1970 624 Apostolicarum
2002 564 2288 607 Litterarum.»

1300 623 1577 682 praescriptum
1594 652 1610 675 ,
1642 625 1682 667 in
1707 640 1759 669 eo
1781 639 1858 681 pro
1885 623 2036 665 viribus
2052 622 2287 664 elaborave-

1304 685 1387 726 rint
1404 710 1417 731 ,
1439 694 1558 737 atque
1573 681 1621 725 ei
1635 710 1649 733 ,
1679 683 1757 740 qua
1771 699 1842 740 par
1856 691 1945 724 erat
1959 707 1972 729 ‚
1987 679 2067 724 fide
2080 706 2095 729 2
2127 677 2286 722 aedil-i-

1303 739 1438 798 gentia
1453 769 1468 791 ,
1496 753 1616 782 omne
1642 739 1752 785 suum
1773 742 1974 791 studium,
1997 751 2287 796 operamque-a
2378 763 2389 769 -

1305 799 1556 842 adhibuerint
1571 825 1587 848 ,
1601 809 1645 840 ut
1661 813 1783 845 vanus
1794 802 1866 844 ille
1884 801 2033 841 horror
2047 825 2061 848 ‚
2089 798 2128 839 &
2146 807 2290 852 parum

1305 871 1415 912 aequa
1454 854 1651 900 aversatio
1692 861 1973 915 predictorum
2003 858 2288 900 Sacramenta-

1303 917 1402 958 liuni
1420 943 1434 965 ,
1453 930 1536 972 quae
1552 917 1753 960 'Gentium
1775 918 1941 960 illarum
1957 917 2098 958 animis
2111 912 2288 965 inlidere

1304 972 1434 1016 fertur
1452 1003 1466 1025 ,
1482 973 1616 1016 senfim
1632 976 1842 1019 emendata
1855 1004 1869 1026 ,
1891 975 2055 1018 demum
2065 977 2115 1017 ab
2132 973 2289 1025 eisdem

1303 1033 1464 1089 penitus
1493 1031 1770 1085 deponeretur
1787 1063 1799 1076 .
1833 1037 1967 1077 Nemo
1993 1034 2145 1092 quippe,
2171 1031 2289 1086 igno·

1304 1102 1385 1142 rat,
1398 1092 1773 1144 Sacramentalium,
1785 1093 1836 1134 de
1846 1092 1987 1148 quibus
1999 1093 2286 1148 agitur,uiiim,

1307 1150 1387 1192 five
1403 1150 1555 1194 institut
1563 1151 1665 1194 ionis
1681 1151 1896 1206 antiquitas
1910 1177 1925 1200 ,
1938 1163 2080 1206 erqua
2096 1150 2220 1195 Ritus
2235 1146 2288 1190 il·-

1307 1209 1337 1252 li
1354 1209 1395 1250 in
1416 1209 1632 1252 Ecclesiam
1651 1208 1826 1253 derivati
1841 1207 1932 1252 sunt
1945 1234 1961 1257 ‚
1975 1207 2054 1257 five
2063 1205 2287 1262 multiplea

1308 1267 1590 1322 mysteriorum
1618 1267 1879 1324 fignificatio,
1901 1280 1987 1322 quoe
2002 1267 2041 1310 in
2057 1266 2139 1310 illis
2150 1263 2293 1310 conti-¹

1307 1338 1427 1369 netur
1442 1357 1458 1380 ,
1488 1327 1566 1370 five
1591 1327 1759 1371 demum
1787 1329 1979 1370 Romanae
1994 1323 2181 1375 Eccleliae
2196 1335 2290 1371 orn-2,

1306 1386 1419 1428 nium
1436 1388 1545 1442 Magi
1552 1385 1633 1429 strae
1647 1385 1846 1442 spectetur
1861 1384 2099 1434 auctoritas,
2112 1395 2199 1438 quc
2216 1395 2300 1438 eo·-

1308 1443 1418 1487 sdem
1446 1445 1488 1487 in
1514 1443 1590 1487 suis
1605 1443 2044 1500 Ritualibusreceptos
2070 1438 2289 1494 inviolabi-

1308 1503 1403 1546 liter
1415 1501 1615 1546 observari
1630 1506 1817 1560 precepit
1831 1527 1847 1552 2
1859 1500 1946 1560 jure
1961 1530 1978 1556 ,
1992 1515 2038 1545 ac
2057 1499 2204 1544 merito
2217 1512 2289 1542 ve-
2317 1523 2321 1526 -

1307 1562 1531 1606 neraudum
1562 1560 1667 1611 effe,
1694 1561 1976 1618 precipuoque
1989 1561 2143 1617 semper
2153 1557 2194 1600 in
2208 1558 2293 1600 ho-

1306 1634 1407 1664 nore
1422 1621 1650 1664 babendum
1661 1649 1676 1673 ,
1688 1622 1729 1664 δι
1742 1621 2038 1677 consequenter
2049 1620 2286 1673 incapacem

1307 1676 1463 1736 prorsus
1489 1679 1728 1734 recipienda
1754 1677 2005 1735 Baptismatis
2019 1677 2168 1721 Gratia
2185 1688 2280 1728 eum

1305 1734 1411 1790 effe,
1435 1738 1505 1795 qui
1534 1737 1638 1781 salso
1660 1738 1732 1782 fibi
1751 1735 2020 1794 persuaserit,
2045 1733 2283 1781 insufflatio-
2332 1765 2335 1770 .

1304 1810 1406 1848 nes,
1435 1806 1557 1853 atque
1581 1795 1744 1840 salivam
1757 1806 1892 1853 aptam
1919 1796 2028 1841 baud
2051 1793 2127 1849 effe
2150 1803 2284 1836 mate-

1305 1857 1407 1899 riam
1419 1856 1785 1900 Sacramentalium
1801 1868 1974 1898 caeremo
2006 1855 2135 1902 iarum
2147 1880 2163 1904 ,
2183 1863 2287 1906 ,επις

1308 1911 1527 1970 viffimique
1554 1914 1701 1970 piaculi
1732 1923 1942 1968 expertem
1994 1927 2048 1956 on
2071 1909 2255 1953 futurum
2270 1931 2289 1958 2

1304 1973 1371 2028 qui
1391 1970 1442 2015 sie
1450 1973 1635 2027 opinanti
1645 1971 1836 2015 conferre
1850 1971 1956 2015 illud
1970 1970 2141 2018 auderet
2157 1986 2170 2008 s
2282 2015 2286 2018 ,

1419 2033 1474 2074 Et
1487 2042 1732 2087 quamquam
1747 2027 2002 2085 exploratum
2018 2025 2144 2082 effer,
2167 2027 2289 2081 Gen·-¹

1304 2099 1368 2132 tes
1382 2089 1471 2133 illas
1486 2089 1565 2132 hoe
1585 2101 1715 2145 pravo
1726 2101 1867 2133 errore
1883 2088 2057 2137 minime.
2077 2082 2286 2139 detineri.

1306 2147 1371 2190 sed
1383 2151 1438 2192 ob
1451 2147 1494 2191 id
1509 2146 1668 2190 tantum
1694 2150 1719 2192 a
1748 2148 2029 2204 predictorum
2045 2148 2297 2203 sacrantem}

1304 2205 1446 2250 talium
1462 2204 1533 2249 usu
1555 2208 1803 2256 abhorrere,
1833 2207 1942 2261 quod
1972 2203 2163 2262 ingeniti!
2181 2205 2290 2260 qut-'t

1304 2265 1395 2307 dani
1422 2292 1436 2317 ‚
1462 2274 1508 2308 ut
1534 2261 1698 2312 ferunt,
1726 2263 1932 2308 averfione
1951 2263 2113 2307 salivam
2134 2256 2298 2314 anheli-v·

1305 2335 1475 2379 tumque
1487 2321 1798 2370 abominentur,
1810 2333 1894 2364 non
1910 2319 2056 2365 minori
2072 2329 2208 2365 tamen
2222 2317 2285 2360 in·

1303 2379 1455 2426 dustria
1466 2379 1601 2424 Sacris
1619 2378 1813 2429 ministris
1839 2378 2107 2424 adnitendum
2119 2377 2177 2422 est
2189 2403 2207 2429 ,
2237 2381 2284 2418 ut

1303 2454 1353 2484 ea
1369 2454 1506 2484 earum
1520 2437 1660 2482 animis
1676 2451 1888 2495 perperam
1915 2445 2156 2493 conceptum
2181 2433 2286 2479 bor-

1303 2512 1442 2543 rorem
1455 2524 1470 2548 ‚
1496 2499 1752 2555 ineptumque
1779 2497 2026 2541 aversionem
2038 2494 2248 2563 eliminent
2261 2519 2281 2547 ‚

1303 2549 2287 2678 affatimassffssssssmsstfissfflffi‘zttss

1305 2687 1412 2720 mata
1428 2674 1466 2719 in
1479 2675 1655 2732 ipsorum
1671 2672 1871 2719 mentibus
1883 2670 2111 2731 hujusmodi
2128 2672 2284 2715 abomi-

1306 2734 1467 2778 natione
1488 2759 1504 2784 ‚
1538 2730 1713 2789 nouique
1735 2728 1933 2790 defipiant
1954 2758 1970 2784 ‚
2002 2740 2049 2775 ut
2077 2728 2281 2775 eandem..

1305 2796 1431 2838 etiam
1447 2790 1687 2836 transferant
1701 2791 1751 2836 ad
1766 2789 1959 2835 miracula
1973 2817 1989 2842 ,
2002 2802 2088 2847 qun
2105 2800 2176 2846 per
2190 2783 2285 2829 sali-

1306 2864 1398 2896 vam
1410 2851 1594 2896 Christus
1612 2849 1864 2907 Redemptor
1881 2846 2029 2893 Noster
2043 2847 2172 2892 edidit
2184 2869 2201 2895 ι
2218 2849 2282 2900 lp-

1306 2910 1467 2968 siiiuqiie
1495 2919 1711 2967 propterea
1727 2906 2048 2956 miraculorum,
2074 2907 2113 2949 δι
2139 2902 2280 2950 saluis

1306 2968 1447 3014 nostre
1460 2969 1674 3014 Auctorem
1688 2996 1703 3020 ‚
1729 2969 1809 3024 quo
1835 2965 1936 3013 nihil
1953 2962 2139 3022 profecto
2153 2961 2283 3064 meleis

1305 3029 1473 3085 implum
1491 3027 1712 3085 excogitari
1728 3026 1858 3084 potell
1875 3053 1887 3076 .
1913 3025 2150 3070 aversentur
2165 3050 2177 3066 .
2221 3029 2284 3090 ‘t-

1303 3100 1382 3145 que
1397 3086 1476 3131 alia
1487 3085 1895 3144 protereamus,illud
1911 3083 2075 3128 tandem
2093 3094 2172 3125 non
2187 3078 2286 3124 diu·

1303 3146 1385 3190 tius
1393 3145 1448 3190 est
1466 3145 1748 3195 differendum,
1760 3155 1801 3187 ui
1819 3144 1857 3188 in
1871 3143 2020 3197 Regnis
2036 3134 2287 3192 Madurenli,

1303 3201 1554 3262 Mayss'urenli
1569 3233 1585 3256 ,
1610 3204 1651 3247 δι
1674 3202 1908 3248 Carnatenfi
1932 3198 2116 3258 Baptismi
2135 3201 2282 3242 Sacra-

1306 3276 1487 3309 mentum
1502 3262 1610 3318 rits,
1630 3259 1837 3319 sancteque
1853 3260 2116 3309 ministretur,
2142 3254 2283 3325 iisdem

1306 3322 1497 3367 adhibitis
1516 3322 1911 3374 sacramentalibus,
1941 3321 1979 3363 δι
2002 3326 2276 3367 ceremoniis,

1306 3384 1448 3437 quibus
1468 3384 1651 3427 Romana
1673 3382 1802 3424 utitur
1821 3379 1995 3424 Ecclesia
2013 3405 2025 3429 ‚
2051 3389 2100 3421 ex
2127 3386 2203 3432 qua
2230 3371 2283 3441 ad

1306 3446 1460 3486 Gentes
1490 3440 1579 3485 illas
1598 3438 1707 3485 Fidei
1738 3438 1805 3484 lux
1851 3445 2043 3495 ropagata
2057 3434 2138 3482 cll,
2158 3432 2285 3477 dedi·

1310 3500 1496 3558 (canique
1517 3497 1678 3544 ta'ndeni
1701 3496 1820 3542 novel
1842 3496 2102 3553 iRegionum
2117 3490 2284 3536 illarum

1309 3559 1467 3604 Fideles
1495 3559 1536 3603 id
1552 3558 1749 3608 horrere,
1769 3554 1882 3615 quod
1899 3557 2004 3599 Deus
2018 3552 2207 3609 dignatus
2228 3547 2285 3595 est

1307 3618 1442 3664 sacere
1459 3647 1471 3661 .

1423 3681 1787 3725 Verumtainen‚ut
1803 3683 2024 3717 memorata
2043 3674 2276 3716 Sacramen-

1307 3737 1451 3781 talium
1482 3735 1761 3795 predictorum
1789 3732 2039 3776 abominatio
2066 3730 2235 3830 iiialviter
2265 3751 2282 3778 ‚

2143 3797 2224 3831 cvi-
