2508 4218
995 133 1434 251 Apostolic'a
1462 198 1480 217 .

227 292 444 339 Germania
463 289 688 335 celebratur
701 285 771 328 sub
788 286 870 328 ritu
884 279 1066 340 duplici,
1093 279 1204 321 sunt-

222 368 300 410 que
317 353 365 393 ab
387 352 456 394 illa
485 350 553 395 die
569 358 634 401 31.
650 343 838 389 octobris
870 343 1031 401 reliquae
1055 352 1204 406 ‘omnes

223 411 444 467 impedita,
457 407 581 460 usque
595 404 645 446 ad
659 400 1206 503 ρι’ἰωειωάρεεςηᾶἰῖἔὶιζᾞᾶυζ

219 466 1148 579 ῦὲὶὶειῖεῗὲἷεῗξῗζιζγῐῖτὲἱῧεηιίῐςυζκεοηεςάἰ
1162 545 1176 559 .

335 586 391 628 Et
409 583 551 627 eadem
567 585 657 627 Sae.
672 580 757 623 Rit.
773 578 1074 634 congregatio,
1090 575 1204 620 Emi-

220 643 449 689 nentiffimo
465 673 476 694 ,
489 643 529 684 δι
545 636 892 686 Reverendiffimo
923 639 974 680 D.
986 633 1198 679 cardinali

217 704 348 747 Sancti
363 702 588 747 Clementis
605 697 834 749 referente,
862 694 924 740 Ad
942 695 1115 752 primum
1135 692 1198 735 us-

218 777 297 820 quc
311 761 361 806 ad
382 765 571 804 octavum
592 756 784 802 inelufive
813 754 1022 810 respondit
1043 754 1204 809 negati-

153 854 157 859 ·
220 823 271 890 v}
284 834 300 874 3
313 820 378 864 Ad
395 833 545 866 nonum
563 817 642 876 pro
655 818 786 875 gratia
799 843 812 858 .
837 816 915 858 Die
935 829 950 857 ι
956 827 1003 872 9.
1018 813 1199 856 Februa·

219 895 272 925 ru
299 892 423 934 1707.

335 1011 397 1052 Ex
411 1006 559 1064 Regest.
573 1009 762 1050 serrens-
776 1008 919 1062 Congr.
934 1001 1108 1064 mens-²&
1128 1014 1202 1045 an-

217 1069 260 1112 ui
267 1067 396 1125 prad.
408 1063 563 1126 sol-16.
580 1066 608 1110 d
619 1077 728 1121 tergo
741 1094 753 1107 .

218 1333 278 1382 In
309 1328 503 1383 occursu
532 1330 580 1380 T
585 1328 735 1378 itulari
766 1323 878 1376 festo
913 1325 1204 1376 Inventionis

287 1402 336 1449 S.
356 1400 525 1452 Crucis
541 1438 556 1461 ,
576 1397 623 1450 ὅ(
645 1397 959 1450 Dedicationis
993 1394 1204 1445 Ecclefiae

287 1466 564 1523 Conventus
601 1467 891 1520 Bononiensis
931 1464 1204 1519 Officium-1

289 1559 398 1592 cum
431 1542 619 1610 integris
655 1539 864 1611 Vesperis
895 1539 953 1591 de
984 1537 1098 1588 sesto
1131 1542 1203 1589 ln-

286 1612 515 1662 ventionis
529 1611 745 1673 celebrari
763 1612 926 1662 debere
951 1608 1202 1680 prescribi·

287 1697 385 1741 tur,
402 1680 450 1734 ἁ
466 1684 604 1735 aliam
619 1682 740 1736 diem
754 1690 877 1744 (non
901 1680 1099 1750 amplius
1115 1682 1202 1731 im-

288 1753 595 1815 mutandam)
635 1771 718 1822 pro
750 1752 861 1806 festo
886 1753 1200 1805 Dedicationis

285 1823 718 1896 affignari,‘arbitrio
738 1823 1088 1877 Eminentiffimi
1111 1829 1201 1884 At:

283 1894 558 1967 ehiepiseopi
578 1899 831 1949 remittitur
847 1933 861 1947 .

394 2031 1021 2087 BONONIENSIS.

359 2176 656 2223 Ceut-rentibus
670 2174 735 2216 die
748 2173 872 2214 tertia
888 2168 984 2221 Maii
999 2167 1038 2210 in
1056 2166 1201 2210 Eccle-

375 2233 424 2275 fia
457 2234 640 2272 fratrum
668 2226 979 2283 Capucinorum
1008 2225 1202 2268 Civitatis

216 2287 406 2335 Monuit
428 2285 529 2330 s'esto
543 2285 796 2330 inventionis
815 2288 854 2329 S·
868 2284 1031 2335 Crucis,
1047 2297 1133 2340 quoe
1146 2284 1204 2327 est

211 2345 361 2390 titulus
384 2343 598 2396 Ecclefiae,
623 2347 664 2389 δι
693 2345 971 2390 Dedicationis
998 2344 1202 2395 eiusdem,

210 2406 387 2464 petitum
405 2403 483 2449 suit
508 2406 559 2448 ab
573 2403 720 2447 eisdem
740 2406 949 2449 Fratribus
981 2402 1201 2461 Capucinis

210 2478 287 2523 per
303 2466 519 2509 Sacrorum
538 2463 702 2509 Rittium
736 2464 1107 2522 congregationem
1137 2459 1199 2507 se-

157 2581 162 2584 ·
210 2525 377 2583 quentia
401 2522 525 2567 dubia
541 2522 774 2567 declarari:

327 2582 530 2627 Primum.
546 2586 612 2627 An
627 2583 678 2626 de
695 2580 871 2627 Titulari
885 2581 908 2639 (
923 2583 976 2627 de
989 2582 1199 2628 Inventio-

141 2688 147 2696 ,
209 2656 265 2687 ne
282 2639 430 2686 scilicet
444 2643 483 2684 S.
499 2642 675 2699 Crucis)
706 2640 770 2685 seu
794 2643 928 2697 potius
953 2642 1004 2687 de
1023 2643 1111 2687 Ded
1120 2644 1198 2685 ica·

208 2703 320 2744 tione
338 2701 523 2745 Ecclefiae
546 2711 788 2745 occurrente
817 2701 957 2746 eadem
991 2701 1060 2745 die
1090 2701 1199 2745 eele-

209 2758 413 2805 brandum
447 2761 490 2805 fit
510 2760 733 2805 Officium?

325 2820 554 2865 Secundum
570 2849 584 2863 .
618 2822 681 2863 De
711 2834 885 2875 quonam
915 2817 1093 2863 debeant
1120 2816 1198 2862 esse

212 2878 394 2922 secunde
410 2878 594 2935 Vespere.
610 2879 690 2935 ipsa
707 2878 775 2923 die
792 2881 939 2922 tertia:
967 2878 1020 2922 de
1038 2892 1088 2921 eo
1101 2907 1115 2929 ,
1144 2876 1196 2919 de

216 2951 302 2992 quo
321 2936 574 2980 celebratum
590 2938 646 2980 est
659 2937 852 2983 Officium
865 2967 881 2988 ,
913 2937 977 2980 vel
998 2938 1131 2991 potius
1145 2937 1197 2980 de

212 2996 422 3053 sequenti,
436 2992 502 3038 seu
514 2998 538 3040 ὲ
557 2995 756 3051 Capitulo
767 3023 782 3045 ,
799 2996 862 3039 vel
879 3010 971 3039 cum
985 2996 1068 3039 sola
1083 3010 1198 3037 com·

211 3055 507 3157 mei—moratione
519 3053 572 3097 de
587 3055 845 3100 antecedenti
859 3082 874 3106 ,
888 3054 954 3098 vel
969 3055 1179 3111 desequen

210 3116 244 3159 ti
278 3115 392 3158 esto?

331 3172 516 3216 Tettium
529 3198 542 3212 ο
573 3176 640 3218 Ne
670 3172 800 3216 ullum
822 3171 1061 3217 eorumdem
1093 3172 1198 3215 duo-

211 3245 304 3276 rum
319 3229 509 3273 festorum
524 3233 847 3277 tamsslemnium
862 3233 1047 3286 privetur
1056 3230 1198 3274 debito

210 3290 325 3334 cultu
342 3302 355 3332 :
370 3302 419 3330 an
435 3289 550 3334 satiris
568 3291 611 3331 iit
628 3290 840 3336 consulere
869 3291 1001 3333 Emin.
1017 3290 1197 3331 Ordina-

211 3350 276 3391 tio
302 3363 377 3405 pro
404 3348 629 3403 affignanda
655 3349 734 3392 alia
762 3349 869 3391 Sede
885 3348 987 3391 sesto
1020 3347 1194 3392 Dedica-

212 3408 356 3460 tionis,
373 3417 418 3450 ut
436 3407 550 3463 poffit
565 3407 766 3452 celebrari
781 3420 878 3450 cum
898 3407 1035 3451 debita
1047 3406 1194 3450 solem-

217 3466 345 3511 nitate
368 3468 410 3509 δι
436 3466 520 3523 ejus
533 3469 718 3509 Ofiava?
953 3467 957 3470 ’

330 3527 383 3571 Et
398 3526 543 3570 eadem
561 3531 684 3571 Sacra
705 3523 986 3579 congregatio
1015 3523 1066 3566 ad
1094 3524 1195 3566 reln-

211 3585 365 3628 tionem
381 3584 744 3634 Eminentissimi,&
763 3582 1091 3626 Reverendiffimi
1110 3587 1196 3624 Do-

202 3642 314 3687 rmini
331 3642 563 3689 Cardinalis
576 3643 848 3688 &Clementis
862 3638 1015 3683 censuit
1030 3639 1194 3696 respon-

214 3700 391 3746 dendum
406 3729 418 3742 .

327 3758 395 3803 Ad
420 3759 593 3817 primum
609 3791 621 3805 .
651 3761 742 3807 Effe
773 3758 1061 3806 celebrandum
1095 3755 1193 3798 Offi-

2083 182 2191 264 39

1265 279 1373 321 cium
1389 274 1643 319 inventionis
1654 279 1850 323 &crucis
1864 298 1956 327 cum
1972 290 2136 348 integris
2153 302 2248 344 Vei:

1267 339 1371 393 peris
1387 336 1499 392 juxta
1521 335 1744 377 Rubricam
1761 337 1958 383 decimam
1986 347 2178 399 Breviarii
2197 361 2248 402 de

1266 395 1559 440 concurrentia
1572 393 1764 437 festorum
1783 410 1933 440 numa.

1382 454 1451 496 Ad
1477 452 1696 497 secundum
1713 456 1825 510 .Jam
1847 457 2078 512 provisum.

1383 514 1451 555 Ad
1474 513 1640 556 tertium
1653 542 1664 554 .
1681 515 1867 557 Arbitrio
1885 517 2068 561 Eminen.
2083 524 2252 567 Archie.

1266 571 1418 630 piscopi
1451 586 1528 627 pro
1550 572 1811 628 affignatione
1842 573 2013 619 alterius
2033 578 2117 622 diei
2149 596 2248 626 nun·

1264 646 1384 691 quam
1415 630 1657 687 inposterum
1672 632 1930 676 immutanda
1949 662 1963 675 .

1384 692 1436 736 Et
1451 693 1506 733 ita
1522 690 1751 734 declaravit
1765 716 1779 739 a
1807 693 1848 734 δε
1862 696 2012 737 servari
2029 696 2246 742 mandavit.

1264 750 1342 793 Die
1356 763 1425 804 24.
1443 752 1692 795 Novembris
1713 754 1840 801 1708.

1377 872 1439 914 Ex
1460 869 1613 927 Regesto
1629 871 1775 912 secret.
1790 872 1978 926 &Gangen
1999 873 2169 929 merss&
2182 886 2255 915 an-

1438 926 1703 989 nipraed.sol.
1723 929 1817 977 165.

1265 1166 1420 1221 Dubia
1434 1166 1490 1217 de
1511 1166 1692 1218 Officio
1709 1171 1942 1234 Martyris
1968 1171 2014 1219 in
2028 1167 2255 1221 concursu

1337 1235 1650 1296 Confefforis,
1687 1253 1769 1288 aut
1798 1236 2079 1289 Confefforis
2102 1257 2253 1291 curn.»

1336 1310 1551 1380 Virgine;
1564 1308 1623 1359 de
1637 1310 1931 1359 translatione
1952 1306 2047 1360 festi
2066 1312 2109 1358 in
2129 1309 2256 1361 diem

1333 1399 1428 1433 non
1445 1379 1747 1448 impeditam;
1777 1379 1835 1429 de
1859 1378 2039 1430 Officio
2061 1381 2256 1432 Ofiavae

1334 1456 1380 1504 S.
1404 1454 1453 1503 P.
1476 1450 1700 1502 Francisci
1737 1452 1939 1502 cadentis
1975 1454 2022 1500 in
2048 1453 2255 1502 Domini·

1334 1542 1437 1574 cam
1454 1527 1539 1575 88.
1556 1521 1766 1582 Rosarii;
1800 1522 1856 1571 de
1872 1525 2253 1573 Communionm

1334 1595 1522 1645 Sabbati
1561 1594 1744 1651 Sanffi,
1783 1590 1833 1643 ὅ(
1859 1592 1916 1641 de
1949 1594 2254 1661 applicatione

1333 1663 1481 1717 Miffae
1509 1665 1556 1715 in
1584 1666 1658 1715 die
1676 1666 2133 1714 commemorationis
2148 1682 2249 1714 om-

1331 1740 1464 1788 nium
1488 1736 1719 1788 Fidelium
1747 1732 2093 1787 Defunctorum
2120 1733 2252 1787 resol-

1332 1823 1533 1861 vuntur.

1296 1937 1596 2005 ORDINJ
1634 1935 2076 2004 CAPVCIQO‘R
2086 1935 2218 1990 VM.·

1371 2057 1405 2097 X
1420 2062 1533 2107 parte
1551 2052 1706 2095 Fratris
1728 2053 1926 2096 Francisci
1958 2056 1982 2100 ὲ
2000 2055 2175 2111 Neapoli
2190 2055 2251 2098 ini

1394 2110 1609 2162 frascripta
1624 2110 1742 2151 dubia
1758 2112 1779 2150 ὲ
1794 2116 1917 2152 Sacra
1948 2116 2116 2155 Rituum
2133 2117 2252 2157 Con-

1265 2168 1503 2268 gregarium:
1515 2166 1690 2210 demisse
1715 2167 1922 2211 declarari
1947 2169 2251 2227 supplicatum,

1283 2238 1368 2270 uit.

1386 2298 1423 2328 1.
1489 2287 1730 2341 Supponunt
1745 2286 1951 2329 nonnullae
1982 2287 2165 2332 Ecclefiae
2179 2290 2251 2346 (&

1265 2346 1343 2390 hoc
1359 2360 1407 2390 ex
1421 2358 1465 2387 ea
1474 2359 1561 2387 rum
1579 2346 1873 2403 Kalendariis)
1902 2347 2064 2390 Sancios
2092 2352 2251 2404 Marty-

1263 2419 1323 2448 res
1337 2405 1375 2446 in
1386 2405 1676 2447 concurrentia
1694 2402 1830 2447 officii
1846 2405 2020 2462 duplicis
2039 2421 2131 2450 cum
2150 2411 2251 2451 San-

1260 2468 1326 2508 no
1342 2461 1578 2507 Confeffore
1608 2464 1760 2508 debere
1784 2466 1931 2508 habere
1965 2465 2159 2523 Vesperas
2184 2467 2250 2510 in-

1261 2535 1398 2578 tegras
1416 2534 1584 2581 propter
1603 2524 1795 2580 majorem
1809 2524 2051 2581 dignitatem
2069 2557 2083 2578 ,
2107 2528 2147 2568 δι
2170 2541 2242 2569 no—

1259 2584 1461 2627 bilitatem
1474 2610 1489 2633 ,
1501 2598 1621 2639 quam
1651 2585 1771 2628 habet
1788 2587 1949 2640 Martyr
1981 2598 2059 2641 pra·
2077 2583 2243 2629 Confes-

1261 2646 1376 2691 lore,
1389 2645 1430 2686 δι
1448 2645 1546 2686 hanc
1563 2642 1756 2699 majorem
1773 2643 2016 2698 dignitatem
2029 2670 2044 2692 ‚
2070 2646 2107 2686 &
2125 2643 2245 2686 nobi-

1261 2702 1419 2746 litatem
1447 2705 1633 2743 tribuunt
1663 2703 1787 2743 etiam
1811 2699 2042 2743 Confeffori
2074 2715 2244 2745 concur.

1260 2762 1367 2803 renti
1382 2773 1475 2802 cum
1492 2760 1662 2814 Virgine
1678 2785 1693 2808 ,
1714 2758 1847 2812 licque
1867 2758 1905 2798 in
1925 2758 2241 2809 concurrentiis,

1259 2833 1344 2875 quae
1361 2815 1513 2872 possunt
1530 2816 1719 2862 accidere
1732 2842 1746 2864 ‚
1761 2817 1988 2857 tribuentes
2006 2813 2161 2871 semper
2176 2815 2239 2857 in-

1260 2890 1399 2934 tegras
1415 2875 1611 2933 Vesperas
1624 2877 1679 2923 ei,
1694 2888 1816 2931 quem
1836 2885 1978 2928 putant
1996 2873 2242 2928 digniorem,

1259 2937 1489 2986 non-aliter,
1513 2950 1559 2977 ac
1575 2933 1618 2976 fit
1634 2935 1673 2976 in
1686 2933 1974 2976 concurrentia
1999 2934 2242 2976 stilorum-2

1261 2997 1443 3042 Domini,
1462 2998 1589 3037 Beatae
1608 2992 1787 3047 Virginis
1806 2992 1957 3044 Mariae,
1971 2991 2240 3047 Angelorum,

1264 3053 1551 3105 Apostolorum
1567 3053 1644 3093 &c.
1677 3052 1890 3107 Quaeritur
1904 3079 1918 3101 ,
1933 3064 1981 3093 an
2006 3051 2087 3093 haec
2110 3049 2238 3106 major

1261 3114 1444 3167 Dignitas
1463 3112 1617 3153 interfit
1631 3139 1646 3160 ‚
1660 3111 1700 3152 δι
1720 3110 1971 3153 attendenda
1994 3110 2088 3151 vere
2118 3109 2164 3150 fit
2180 3109 2239 3150 in·

1258 3184 1319 3216 ter
1334 3170 1477 3214 officia
1492 3170 1654 3224 aequalis
1669 3167 1771 3213 titiis
1788 3199 1802 3221 ,
1832 3183 1876 3213 ac
1890 3166 2063 3223 ejusdem
2090 3167 2236 3209 solem-

1257 3231 1395 3274 nitatis
1410 3260 1425 3282 ,
1439 3240 1505 3273 aut
1529 3232 1664 3285 potius
1680 3228 1860 3272 standum
1891 3227 1935 3269 fit
1950 3224 2239 3282 praescriptioni

1258 3289 1449 3334 Rubricae
1468 3288 1660 3332 Breviarii
1688 3286 1872 3330 Romani
1886 3285 1936 3327 de
1951 3285 2238 3326 concurrentia

1254 3349 1389 3393 Officii
1406 3362 1553 3391 numa.
1567 3376 1581 3398 ‚
1605 3361 1691 3402 quae
1706 3345 1808 3388 dicit
1823 3358 1833 3385 :
1847 3358 1904 3387 .·:·..
1921 3341 2177 3398 Regulariter
2190 3342 2239 3403 fit

1254 3410 1280 3451 d
1301 3409 1485 3465 Capitale
1499 3409 1543 3448 de
1549 3406 1730 3461 liquenti
1746 3404 1827 3450 &a

1372 3480 1410 3508 2.
1473 3469 1584 3510 Cum
1599 3460 1794 3506 nonnulla
1823 3459 1969 3501 Officia
1995 3462 2231 3502 Sannorum

1256 3535 1424 3580 propter
1445 3533 1678 3578 perpetuam
1704 3519 2003 3562 occurrentiam
2019 3533 2112 3561 cum
2143 3517 2231 3560 aliis

1255 3582 1413 3627 Officiis
1427 3581 1589 3634 majoris
1607 3578 1816 3634 dignitatis
1829 3603 1843 3625 ,
1859 3575 1923 3618 seu
1950 3576 2234 3628 solemnitatis,

1255 3641 1322 3685 seu
1340 3638 1440 3683 titiis
1458 3647 1693 3693 perpetuam
1710 3635 1884 3677 habeant
1906 3635 2232 3686 translationem,

1254 3701 1415 3757 &juxta
1432 3698 1652 3739 Rubricam
1668 3696 1711 3737 de
1731 3694 1927 3737 Translat.
1941 3694 2042 3749 Fest.
2060 3706 2170 3737 num.
2184 3694 2227 3736 6.

1253 3760 1294 3801 in
1324 3758 1494 3814 primam
1535 3756 1645 3797 diem
1683 3766 1766 3798 non
1803 3752 2036 3808 impeditam
2075 3752 2229 3808 semper

2042 3820 2174 3854 trans·
