2496 4172
1021 151 1506 270 Apostolicae

250 303 349 349 sum
371 301 620 354 Catholico,
647 303 688 345 δε
713 303 988 346 Romanorum
1018 299 1130 352 Rege
1152 298 1226 340 in.‚

257 365 551 417 Imperatorem
567 362 696 404 elce'lo
712 389 727 412 ,
752 362 792 402 δι
806 358 1039 403 Chariffima
1054 358 1096 399 in
1108 356 1230 398 Chri·

255 420 316 464 sto
331 421 432 463 Filia
450 421 612 472 Nostra,
625 419 845 463 Elisabetha
865 417 1233 461 Christina,earun-

253 479 346 522 dem
370 479 652 535 Hispaniarum
675 477 920 527 Catholiea‚
943 489 989 516 ac
1019 471 1229 516 Romano·

191 594 193 596 Ι
259 552 348 581 rum
366 540 524 592 Regina
542 537 688 581 Illustri
704 564 719 588 ,
745 549 847 578 nunc
868 532 984 590 ipfius
999 531 1141 574 Caroli
1157 530 1229 573 Vi-

254 597 335 638 dua
349 622 363 646 2
378 596 544 652 aliisque
559 595 748 652 supremis
761 593 1012 647 Principibus
1027 618 1039 639 ‚
1068 602 1227 632 necnon

254 655 443 712 predicta
467 654 790 710 Congregationc
823 653 862 694 S.
882 653 936 693 R.
954 652 1002 693 Ε.
1029 648 1227 691 Cardina-

257 715 359 757 lium
390 711 732 770 de-Propaganda
755 709 878 761 Fide,
905 722 1129 764 magnoque
1156 721 1228 748 nu-

250 786 373 815 mero
398 772 629 816 Antistitum
650 771 692 811 8(-
721 771 944 812 Procerum
971 765 1227 818 Germania,

255 840 428 887 totoque
451 828 615 884 praesato
642 828 800 871 Ordine
817 829 1004 871 Fratrum
1018 826 1226 868 Minorum

253 893 296 934 S·
313 885 856 943 FrancisciCapucinorum,
885 884 954 928 sub
981 886 1049 941 piat
1077 897 1229 926 memo·

243 947 319 991 -riae
344 946 563 991 Benedicto
591 948 697 1004 Papa
714 947 832 990 Xlll.
865 944 1045 987 similiter
1072 941 1228 985 Praede-

253 1003 403 1049 eeffore
419 1006 568 1050 Nostro
592 1004 643 1048 ad
657 1018 825 1048 examen
840 1005 1014 1047 dedusta
1028 1032 1042 1055 ,
1074 1003 1113 1044 &
1142 1001 1227 1057 pri-

253 1067 322 1107 mo
335 1067 494 1121 quidem
512 1078 584 1120 pro
598 1064 740 1107 validis
754 1065 905 1119 agnita,
916 1075 1008 1106 mox
1018 1061 1067 1104 ad
1080 1073 1226 1102 eruen-

252 1123 324 1167 das
336 1123 520 1179 Martyrii
532 1149 545 1171 ,
572 1125 610 1164 &
627 1124 919 1166 Miraculorum
949 1120 1225 1177 praedietorum

246 1182 513 1238 probationes
527 1207 542 1231 ,
566 1184 690 1224 totius
719 1179 1056 1238 congregationis
1078 1183 1150 1221 Sac
1159 1191 1225 1218 ro-

252 1255 342 1285 rum
361 1238 688 1297 Rituumjudicio
700 1240 871 1294 subjecta
888 1238 1076 1282 fuerunt.
1102 1238 1226 1278 Cum-

253 1314 334 1355 que
351 1303 435 1342 Nos
451 1298 519 1356 ipfi
533 1308 625 1342 tune
643 1301 684 1341 in
700 1300 843 1342 minori
858 1297 958 1340 statu
977 1291 1225 1338 Promotoris

256 1358 370 1401 Fidei
389 1370 528 1399 munus
544 1366 729 1413 gerentes
741 1386 757 1411 ,
773 1372 845 1413 pro
858 1354 981 1400 officii
998 1352 1133 1396 Nostri
1151 1350 1223 1393 de·

249 1415 374 1477 bito,
392 1428 654 1472 quaeeumque
684 1416 799 1472 super
827 1413 980 1470 duplici
999 1408 1225 1466 hujusmodi

251 1472 543 1531 iudieiicapite
559 1474 846 1525 animadverti,
876 1481 946 1516 aut
974 1470 1091 1526 objici
1107 1478 1226 1525 pote·

251 1539 349 1575 rant
362 1557 376 1580 ‚
388 1531 684 1588 diligentissime
699 1532 914 1580 adnotare,
940 1531 980 1572 δι
995 1539 1079 1571 tam
1095 1541 1196 1570 voce
1207 1553 1225 1576 ,

254 1591 376 1647 quam
403 1588 556 1644 scripto
578 1589 781 1633 deducere
818 1604 899 1632 non
935 1585 1180 1630 omiserimus
1207 1611 1223 1634 ,

252 1647 404 1703 triplici
422 1648 537 1703 ipsius
551 1650 672 1691 caune
683 1647 892 1697 examine,
919 1654 964 1689 ut
986 1644 1112 1686 moris
1140 1640 1222 1693 est,

250 1709 292 1751 in
305 1705 489 1762 praediaa
499 1705 827 1761 Congrcgatione
841 1707 1051 1748 Sacrorum
1058 1702 1227 1745 Rituum

251 1761 444 1824 praemiffo
453 1791 468 1815 ,
481 1762 587 1806 idem
604 1763 839 1807 Benedictus
853 1758 1120 1807 Praedeceffor
1131 1789 1146 1812 ,
1158 1773 1226 1801 au-

251 1825 344 1868 dito
359 1821 531 1879 ejusdem
546 1821 892 1879 congregationis
916 1819 1085 1863 confilio
1097 1847 1111 1871 ,
1136 1832 1229 1861 cau-

254 1882 376 1938 saque
404 1881 569 1935 cognita
595 1907 610 1932 ,
647 1880 711 1924 die
739 1892 859 1923 xxiv.
890 1878 1100 1922 Februarii
1132 1874 1228 1920 anni

257 1951 441 1984 Μοῦσα
451 1951 511 1981 tx.
525 1938 810 1993 pronunciavit
824 1965 839 1989 ,
865 1936 1046 1982 constare
1058 1936 1108 1978 de
1120 1936 1231 1976 Mar-

258 1997 369 2054 tyrio
389 1998 428 2039 in
452 1995 590 2038 odium
620 1996 731 2040 Fidei
742 1996 964 2041 Catholicae
990 1996 1012 2038 a
1038 1995 1230 2038 FIDELI

257 2053 439 2114 perpeffo
450 2082 465 2107 ,
489 2069 534 2097 ae
549 2054 600 2098 de
616 2056 788 2099 veritate
801 2064 978 2111 quatuor
990 2054 1230 2110 potiffimum

257 2115 553 2159 Miraculorum
581 2114 632 2156 ad
662 2115 960 2157 invocationem
986 2112 1102 2169 ipfius
1117 2108 1228 2155 Beati

259 2174 349 2217 Viri
364 2172 387 2214 a
402 2175 494 2216 Deo
505 2172 708 2216 editorum
727 2186 922 2228 squorum
940 2172 1109 2229 primum
1126 2168 1228 2217 fuit,

254 2232 366 2288 quod
380 2242 523 2275 exorto
547 2231 586 2272 in
603 2234 712 2275 Arce
727 2230 1029 2289 Majenfeldenfi
1055 2228 1230 2272 maximo

253 2289 448 2333 incendio
472 2317 488 2340 ,
523 2302 649 2342 eoque
671 2291 779 2333 inter
807 2289 1000 2345 aptiffima
1026 2288 1126 2344 ignis
1154 2285 1231 2328 ali-

226 2365 230 2370 ’
254 2356 391 2390 menta
405 2373 419 2397 ,
433 2346 540 2400 ligna
552 2346 739 2388 nimirum
754 2374 768 2397 ,
788 2349 828 2389 δι
841 2348 943 2402 pyrii
962 2346 1144 2401 pulveris
1156 2359 1228 2386 eu·

254 2404 385 2449 mulos
405 2402 722 2455 ,increbcstente
738 2432 751 2455 ,
770 2403 957 2448 invocata
970 2404 1076 2460 apud
1094 2406 1227 2446 Deum

256 2462 478 2508 nouus
492 2475 595 2518 ope,
619 2461 747 2505 statim
775 2464 1004 2508 restinctum
1026 2462 1131 2515 fuit;
1159 2467 1228 2505 Se·

254 2522 458 2572 cundum,
483 2519 594 2574 quod
619 2520 809 2564 Monialis
832 2521 1011 2578 quadam
1026 2548 1041 2571 ,
1069 2520 1230 2563 nominc

257 2578 424 2623 Caecilia
452 2576 734 2631 Munfingerim
756 2605 772 2628 ‚
796 2579 984 2622 horribili
1013 2578 1231 2620 inflamma-

261 2637 377 2680 tione
393 2633 574 2678 mamillae
589 2647 710 2686 ,eum
723 2634 935 2693 suspicione
950 2636 1084 2679 cancri
1098 2665 1114 2688 ,
1144 2633 1230 2690 plu-

257 2709 323 2739 res
336 2694 416 2753 jam
426 2693 507 2737 dies
517 2692 760 2746 excruciata,
768 2694 940 2739 admotis
951 2695 1112 2750 gloriosi
1123 2695 1230 2735 Mar-

259 2756 362 2810 tyris
379 2751 603 2808 Reliquus,
632 2749 845 2807 perfectam
870 2752 1082 2798 sanitatem
1112 2752 1228 2795 illico

260 2812 543 2867 recuperavit3
575 2811 759 2855 Tertium
775 2837 789 2861 ‚
815 2813 925 2867 quod
942 2813 1083 2856 oculus
1099 2810 1228 2856 Insan-

259 2872 313 2913 tis
342 2868 454 2914 Pauli
482 2866 676 2912 Francisci
694 2870 868 2923 Papullin
898 2871 919 2914 a
948 2872 1082 2927 primis
1112 2869 1228 2927 ipsius

262 2930 354 2972 vitae
368 2927 507 2970 diebus
523 2928 691 2970 humore
703 2929 870 2973 difluens
885 2955 899 2977 a
931 2938 1154 2988 apertoque
1168 2929 1230 2970 fo·

262 2987 415 3052 tamine
426 3013 444 3051 ⁹.
452 2986 491 3027 δι
506 2984 694 3040 pellicula
708 2985 980 3044 superindut‘ta
998 3019 1011 3043 ,
1023 2990 1231 3046 excipien-

260 3045 320 3088 dae
335 3045 416 3087 lucr
431 3044 585 3099 jamjam
601 3045 756 3098 ineptus
771 3073 786 3098 ,
809 3061 931 3102 quum
955 3051 978 3093 a
1002 3048 1157 3092 medica
1171 3048 1230 3091 fa·

261 3102 418 3147 cultate
433 3102 622 3144 auxilium
635 3100 776 3147 frustra
787 3102 1033 3161 quareretur
1048 3134 1062 3155 s
1086 3120 1232 3150 conce·

261 3161 516 3219 ptoitMatre
542 3170 638 3204 voto
663 3162 704 3204 in
727 3164 916 3208 honorem
945 3167 1060 3219 ipsius
1078 3168 1232 3209 FIDE·

265 3221 353 3264 LIS
378 3245 393 3267 ³
434 3219 613 3262 naturali
642 3222 861 3277 integritati
882 3219 1087 3268 'restitutus
1113 3223 1189 3269 fuit
1215 3237 1231 3278 ;

263 3282 474 3345 Quartum
488 3277 660 3334 denique
674 3307 690 3329 ,
709 3280 819 3334 quod
833 3281 986 3337 Gaspar
1001 3285 1159 3339 Stigher
1174 3290 1230 3327 ob

261 3336 581 3394 quinquennales
591 3336 693 3381 dorii
707 3337 870 3383 dolores
891 3340 941 3382 ad
957 3355 1115 3386 omnem
1145 3339 1230 3386 fere

263 3397 444 3450 corporis
465 3404 619 3436 motum
644 3395 840 3452 impotens
868 3396 992 3442 faetus
1008 3427 1024 3450 ,
1047 3414 1168 3457 quum
1193 3402 1233 3445 se

266 3453 480 3498 FIDELIS
493 3456 720 3509 patrocinio
736 3455 1047 3500 commendass'et
1062 3488 1079 3512 ,
1108 3460 1156 3501 ad
1171 3470 1232 3502 ta-

264 3514 370 3555 &um
399 3513 623 3564 mucronis,
654 3527 735 3569 quo
764 3516 835 3558 Dei
861 3518 1005 3559 Servus
1030 3516 1230 3562 eonsoffus

263 3568 403 3637 fuerat·
418 3598 433 3621 ,
475 3579 681 3614 momento
702 3576 894 3628 temporis
923 3576 1228 3628 convalescens,

260 3643 343 3672 non
358 3629 494 3671 itineri
518 3630 642 3674 modo
657 3658 671 3681 ‚
696 3631 762 3673 sed
793 3634 832 3674 δε
846 3634 997 3676 rusticis
1010 3636 1227 3691 quibusque

259 3687 463 3730 laboribus
478 3687 558 3743 ipsa
573 3688 641 3730 die
663 3688 700 3731 se
713 3690 826 3733 dedit
841 3720 854 3741 ,
881 3694 1047 3748 integris
1075 3694 1229 3739 viribus

256 3745 401 3789 exinde
413 3754 532 3794 ,utens
550 3774 562 3786 ·
593 3749 732 3803 Quare
746 3779 762 3802 ,
777 3751 921 3796 audito
934 3752 1077 3798 iterum
1094 3751 1228 3809 praefa·

333 3839 336 3842 ,
374 3805 478 3847 Tom-
502 3806 582 3849 VII.

2036 178 2192 285 363

1289 308 1337 342 tae
1357 297 1694 356 Congregatt'onis
1721 306 2021 364 confilio‘super
2048 325 2139 356 tuto
2166 321 2262 369 proi

1290 356 1414 414 greffu
1438 360 1491 401 ad
1517 358 1724 401 formalem
1740 360 1855 414 ipfius
1879 365 1990 407 Servi
2011 372 2082 410 Dei
2106 372 2262 413 Beatifi-

1289 421 1491 470 cationem
1510 445 1525 469 ,
1560 417 1670 459 idem
1700 419 1939 460 Benedictus
1971 426 2230 469 Praedecess'or
2246 454 2262 476 ‚

1288 490 1359 532 per
1379 474 1461 519 suas
1477 476 1649 518 Litteras
1677 475 1716 516 in
1746 475 1879 517 forma
1908 479 2043 518 Brevis
2067 484 2181 524 data,
2197 483 2264 525 die

1291 548 1384 577 xxi.
1399 535 1534 577 Martii
1550 533 1726 591 ejusdem
1743 535 1831 577 anni
1846 563 1860 586 ,
1876 534 1998 589 ipsum
2016 538 2264 580 FIDELEM

1290 594 1330 635 in
1348 598 1565 638 Beatorum
1581 597 1811 648 Martyrum
1842 606 2011 635 numero
2040 595 2266 644 recenseri,

1286 653 1449 711 ejusque
1476 653 1744 703 memoriam,
1771 652 1991 708 imagines,
2021 661 2142 707 atque
2168 651 2269 692 reli-

1287 717 1400 769 quias
1415 711 1602 768 religiose
1618 711 1726 759 coli,
1760 712 1902 754 Divina
1917 724 2078 767 quoque
2094 708 2237 752 Officia
2250 736 2265 758 ,

1287 771 1473 815 &Missas
1498 775 1536 813 in
1551 771 1667 824 ipfius
1681 771 1875 812 honorem
1905 772 1926 811 a
1959 769 2166 812 Fratribus
2186 768 2269 810 Mi-

1288 834 1452 875 noribus
1469 830 1640 886 praedie'ti
1653 829 1821 872 Ordinis
1836 828 2156 884 Capucinorum,
2172 826 2265 870 uni-

1291 890 1481 947 versoque
1505 889 1631 932 Clero
1657 887 1941 931 nonnullarum
1965 887 2192 931 Civitatum
2225 885 2266 926 δε

1288 950 1541 1006 Oppidorum
1568 946 1763 990 celebrari
1779 945 1953 1002 permitit
1967 970 1981 984 ·
2256 965 2259 969 ν

1404 1012 1509 1052 Cum
1522 1015 1653 1048 autem
1670 1006 1778 1048 Beati
1793 1003 1940 1061 gloria,
1953 1008 2154 1048 novorum
2171 1016 2266 1059 pro-

1286 1068 1489 1122 digiorum
1508 1064 1613 1106 fama
1630 1093 1643 1115 ,
1666 1066 1706 1106 δι
1721 1064 1944 1119 impensiori
1963 1064 2160 1107 Pidelium
2175 1061 2266 1104 cul-

1286 1129 1385 1170 tuin
1401 1126 1486 1167 dies
1512 1121 1860 1179 amplificaretur,
1889 1123 1930 1163 δε
1953 1122 2104 1176 praefati
2129 1122 2267 1176 supre-

1286 1186 1339 1228 mi
1367 1181 1598 1235 Principes,
1623 1182 1662 1222 &
1691 1184 1731 1223 S.
1751 1183 1801 1224 R.
1816 1182 1862 1223 E.
1875 1181 2113 1224 Cardinales
2129 1206 2144 1230 ‚
2175 1178 2268 1222 alii-

1284 1256 1360 1300 que
1374 1255 1444 1298 per
1459 1241 1612 1282 Orbem
1628 1239 1837 1281 Antistites
1851 1241 1889 1282 &
1903 1242 2091 1283 Procerus
2106 1266 2119 1287 ‚
2136 1238 2266 1281 idem-

1286 1314 1361 1357 que
1373 1298 1679 1353 Capucinorum
1693 1297 1812 1339 Ordo
1826 1299 1910 1349 pias
1927 1296 2041 1352 super
2055 1312 2105 1340 eo
2118 1296 2267 1338 instan-

1286 1361 1359 1403 tias
1374 1361 1594 1406 iterarent,
1622 1354 1776 1410 placuit
1802 1354 1874 1396 fel.
1891 1354 2093 1397 recordat.
2114 1352 2262 1396 Deces-

1285 1417 1363 1460 sori
1381 1415 1526 1459 Nostro
1541 1414 1747 1458 Clementi
1763 1417 1880 1468 Papae
1896 1414 1992 1454 xit.
2010 1442 2023 1464 ,
2037 1424 2120 1454 non
2136 1410 2262 1452 solum·

1286 1477 1492 1520 Lectiones
1508 1473 1691 1528 proprias
1717 1472 1769 1514 de
1784 1470 1897 1526 ipsius
1915 1471 2023 1513 Beati
2044 1470 2266 1513 FIDELlS

1289 1535 1371 1576 vita
1387 1559 1401 1582 ,
1432 1534 1472 1574 δι
1488 1530 1690 1585 Martyrio
1716 1530 1740 1570 a
1766 1529 1945 1584 predicta
1959 1533 2175 1573 Sacrorum
2196 1526 2267 1568 Ri-

1287 1603 1401 1633 tuum
1419 1588 1747 1643 congregatione
1761 1589 1989 1643 recognitas
2003 1618 2017 1638 ,
2032 1588 2070 1629 in
2087 1584 2267 1640 eiusdem

1285 1648 1433 1692 officio
1446 1647 1602 1690 recitari
1618 1672 1631 1692 2
1657 1644 1819 1700 ejusque
1834 1660 1979 1688 nomen
1994 1647 2034 1686 in
2049 1646 2265 1696 Martyro-

1286 1708 1397 1763 logio
1416 1709 1602 1749 Romano
1617 1703 1817 1755 describi,
1830 1701 1896 1746 sed
1912 1704 2035 1746 etiam
2053 1730 2067 1754 ,
2079 1699 2266 1744 teatrum-

1288 1778 1356 1824 pta
1370 1763 1485 1807 causa
1499 1793 1514 1816 ,
1527 1776 1655 1806 novos
1669 1764 1910 1806 auctoritate
1926 1761 2151 1818 Apostolica
2169 1763 2267 1804 Pro-

1287 1822 1560 1868 ceffusinstrui
1577 1822 1766 1865 conceffit
1780 1821 1894 1879 super
1911 1819 2117 1864 Miraeulis
2135 1846 2146 1867 ,
2178 1830 2263 1874 quae

1289 1883 1374 1941 post
1388 1881 1588 1926 indultam
1605 1878 1673 1938 ipfi
1687 1881 1983 1924 venerationem
2002 1874 2189 1924 accidisse
2202 1876 2268 1922 di·⁴

1289 1944 1487 1987 cebantur
1502 1970 1513 1981 .
1533 1944 1718 1995 Cumque
1732 1938 1960 1994 hujusmodi
1975 1935 2180 1981 Proeess'us
2193 1948 2268 1978 an-

1290 2011 1331 2045 te
1345 2002 1478 2043 omnia
1492 1998 1570 2042 rit‘e
1584 2026 1599 2050 ,
1625 1999 1666 2040 δι
1688 1998 1819 2040 valide
1834 1996 2038 2040 confectos
2061 1995 2143 2039 esse
2166 2008 2269 2036 con-

1291 2059 1436 2104 stiterit
1454 2088 1470 2110 ,
1495 2071 1546 2100 ex
1571 2068 1744 2114 quatuor
1756 2057 1960 2099 Miraculis
1984 2056 2083 2098 inibi
2100 2052 2268 2096 recenti-

1290 2121 1341 2162 tis
1356 2147 1369 2170 ,
1396 2121 1433 2161 8(
1455 2119 1495 2160 in
1511 2117 1696 2172 praedissa
1705 2117 2032 2170 Congregatione
2046 2117 2268 2156 Sacrorum

1290 2180 1458 2221 Rituum
1476 2175 1629 2226 semel,
1656 2175 1745 2223 bis,
1774 2176 1926 2225 tertio,
1955 2173 2096 2215 audito
2117 2172 2268 2225 semper

1288 2244 1483 2279 oretenus
1499 2234 1592 2276 &in
1608 2235 1761 2289 scriptis
1772 2232 1929 2274 Dilecto
1959 2231 2064 2275 filio
2094 2232 2268 2273 Promo-

1288 2291 1382 2338 t'ore
1412 2293 1554 2343 Fidei,
1582 2293 1845 2339 examinatis,
1865 2291 1948 2332 duo
1974 2286 2167 2345 precipue
2199 2300 2268 2329 rea

1288 2363 1402 2410 perta
1415 2351 1506 2409 sunt
1527 2351 1758 2407 plenissimis
1779 2348 2080 2406 probationibus
2097 2346 2237 2389 testata
2251 2365 2268 2395 9

1286 2415 1326 2455 δι
1340 2424 1505 2455 omnem
1520 2421 1670 2453 naturae
1685 2410 1764 2452 vim
1777 2407 2030 2459 excedentia;
2044 2420 2129 2462 quae
2140 2418 2267 2459 quum

1287 2471 1436 2515 deinde
1451 2474 1536 2514 Nos
1551 2470 1617 2524 ipfi
1633 2469 1799 2526 privatis
1816 2467 1946 2509 studiis
1972 2462 2266 2508 accuratiffimis

1288 2528 1576 2572 diseufferimus
1606 2554 1622 2578 ,
1652 2541 1698 2570 ea
1728 2526 1923 2576 tandem,
1951 2525 2143 2567 invocato
2168 2522 2267 2575 saepe

1292 2586 1426 2630 Divini
1456 2585 1640 2630 Luminis
1665 2584 1818 2626 auxilio
1840 2609 1854 2631 ‚
1886 2581 2053 2625 solemni
2084 2585 2266 2623 Decrcto

1288 2643 1441 2689 Nostro
1454 2673 1470 2696 ,
1486 2643 1553 2685 die
1569 2656 1644 2684 xvt
1661 2656 1672 2684 ι
1690 2656 1720 2683 ι.
1733 2640 1907 2696 januarii
1921 2641 2011 2682 anni
2029 2650 2267 2682 moccxttr·

1290 2705 1329 2747 in
1346 2703 1580 2747 Festivitate
1606 2700 1823 2743 Cathedrae
1840 2700 1952 2741 Beati
1969 2699 2079 2742 Petri
2095 2696 2268 2752 Aposto-

1289 2763 1317 2806 li
1348 2760 1465 2805 edito
1494 2791 1509 2813 ‚
1546 2759 1854 2816 approbavimus
1876 2758 1916 2798 δι
1937 2756 2267 2812 publicavimus·,

1289 2824 1426 2867 Unum
1442 2834 1585 2864 eorum
1599 2818 1749 2860 accidit
1769 2816 1927 2859 Dilee'to
1941 2816 2047 2859 Filio
2078 2817 2142 2858 Fr.
2160 2817 2267 2856 Can·

1288 2880 1386 2923 dido
1399 2883 1422 2924 a
1436 2877 1691 2929 Mediolano,
1703 2875 1914 2918 Sacerdoti
1932 2871 2101 2929 prosess'o
2115 2870 2268 2929 praesati

1290 2937 1675 2983 OrdinisMinorum
1694 2934 1992 2991 Capucinorum
2006 2961 2020 2983 ,
2054 2934 2120 2989 qui
2137 2931 2268 2988 epile-

1292 2999 1405 3055 ptico
1419 2997 1560 3040 morbo
1590 3010 1660 3052 per
1691 2993 1934 3037 decennium
1958 2991 2140 3034 laborans
2158 3018 2172 3042 ,
2193 3004 2269 3044 po·

1290 3058 1438 3100 stremo
1469 3053 1712 3099 infirmitatis
1744 3053 1815 3094 suae
1844 3065 1951 3093 anno
1981 3049 2135 3093 nullam
2181 3047 2265 3090 fere

1291 3117 1397 3159 diem
1417 3145 1429 3168 ,
1457 3114 1608 3158 nullam
1634 3115 1816 3160 nonem,
1841 3112 1890 3152 ab
1917 3110 2107 3159 iteratis,
2132 3110 2268 3163 gravi-

1293 3176 1438 3230 busque
1452 3172 1626 3227 eiusdem
1638 3171 1768 3213 morbi
1782 3168 1995 3212 acceffibus
2012 3168 2180 3210 liberam
2196 3167 2268 3207 ha-

1290 3234 1433 3277 buerat
1444 3264 1456 3288 ,
1473 3234 1510 3274 &
1527 3231 1718 3274 stomachi
1730 3228 1925 3284 temperie
1939 3224 2193 3272 labesae‘tata,
2207 3224 2272 3275 εἰη

1293 3295 1386 3337 bum
1401 3293 1575 3336 retinere
1603 3303 1682 3332 non
1710 3287 1847 3330 valens
1863 3317 1878 3338 ‚
1902 3286 2087 3340 eorporis
2115 3282 2268 3324 viribus

1292 3352 1395 3395 a‘deo
1415 3350 1629 3394 destitutus
1657 3349 1896 3390 remanserat
1920 3370 1934 3393 ‚
1974 3352 2021 3386 ut
2054 3342 2092 3382 in
2122 3339 2268 3382 lectulo

1291 3408 1494 3467 projectus
1508 3423 1554 3452 ne
1570 3408 1705 3450 eibum
1725 3406 1885 3460 quidem
1909 3401 2088 3442 manibus
2113 3397 2187 3441 suis
2203 3399 2267 3440 ori

1290 3469 1511 3512 admovere
1525 3467 1648 3523 poffist
1662 3495 1674 3506 .
1693 3465 1771 3506 Hic
1787 3461 1871 3517 post
1887 3459 2071 3502 inutilem
2090 3457 2267 3509 plurium

1291 3527 1678 3569 medicamentorum
1713 3520 1823 3565 usum
1847 3546 1862 3568 ‚
1904 3519 2014 3566 Beati
2045 3516 2266 3586 HQELts

1286 3578 1861 3685 {ffississm2¹ss‘÷‘³i'e⁸;eilss'gfli¹5
1879 3577 2269 3686 ἒΐῗέῗηῖῗὲξὲῗᾶ

1287 3703 1426 3744 mentis
1454 3700 1595 3743 affeetu
1619 3706 1857 3745 veneratus,
1883 3689 2097 3750 perfefiam
2124 3692 2266 3734 sanita-⁸

1290 3769 1372 3804 tem
1386 3785 1401 3810 ,
1420 3757 1683 3817 corporisque
1697 3756 1802 3799 vires
1818 3767 1865 3796 ac
1881 3754 2008 3796 robur
2021 3779 2037 3804 ,
2061 3750 2174 3795 nulla
2203 3751 2264 3794 ina

1738 3813 1812 3855 Zz
1841 3825 1864 3855 2
2145 3819 2207 3851 te-
