2496 4172
1034 156 1035 159 Ν
1063 109 1517 227 Αβοὲἵοὶἱσα
1540 174 1561 196 .

2086 128 2250 223 261

283 261 432 318 Operis
444 259 680 304 constitutio
692 260 904 305 debuerit.
924 262 1060 320 Qam
1073 255 1269 313 quidem..
1332 253 1533 310 Maiorem
1552 250 1623 295 sub
1640 254 1796 296 annulo
1809 256 2022 303 Piscator-is
2034 261 2101 303 die
2113 277 2139 304 x
2149 279 2160 305 ι
2169 295 2181 308 .
2200 270 2234 309 A
2240 268 2324 320 pri.

285 322 592 378 praerogativam
622 322 692 363 abs
704 320 763 365 Te
776 320 952 363 libenter
966 315 1170 376 quaefitum
1190 315 1239 357 iri
1253 343 1269 367 ,
1331 313 1380 356 lis
1409 326 1649 356 moccxxx
1662 325 1674 353 ι
1685 329 1734 358 x.
1765 313 2027 360 Pontificatfis
2052 321 2175 362 nostri
2198 329 2321 368 Anno

283 382 511 427 ominamur
524 406 538 429 ,
569 382 609 423 &
630 382 669 423 in
684 379 908 435 hujusmodi
926 376 1159 432 Auspicium
1178 376 1271 419 Fra·
1335 376 1460 419 Nono
1473 400 1490 417 .
1955 372 1965 388 ’

283 438 470 487 ternitati
498 449 577 508 tuq
606 438 880 507 Apoltolietam
907 435 1272 480 benedictionem„

287 509 544 559 peramanter
560 507 808 554 impartimur
821 520 837 535 .

401 562 558 604 Datum
572 561 711 604 Roma
735 554 843 614 apud
861 555 1046 600 Sanctam
1062 552 1276 596 Mariam-a

1035 682 1260 748 ΝΟ

1393 492 1540 546 Autog.
1562 491 1605 530 in
1620 492 1762 532 secret.
1780 492 1894 531 Brev.
1923 487 1974 529 ad
1994 489 2202 547 Principes
2229 497 2328 551 Reg.

1449 547 1571 608 ruens?
1588 548 1638 598 (9*
1650 548 1872 605 anniprfd.
1879 546 2019 608 fil.42
2027 561 2068 601 9.

1352 683 1589 748 TA.

402 851 537 896 Odem
559 849 751 908 exemplo
777 849 856 894 fuit
873 849 983 892 idem
1006 844 1188 890 collectae
1218 843 1426 902 negotium
1451 842 1783 889 commendatum
1815 841 2095 889 illustrissimis
2123 837 2335 900 Episcopis

291 855 388 969 E
419 909 662 954 Guatimalae
674 937 690 962 ‚
702 910 1023 959 Guadalaxarae‚
1057 905 1239 960 Durangi
1251 934 1267 957 ‚
1283 905 1535 961 Nicaragnae‚
1554 906 1853 958 Antequerenfi
1867 934 1881 957 ,
1898 906 2183 947 Mechoacano
2196 929 2211 954 ,
2243 899 2336 941 Me-

289 971 391 1014 ridie
406 970 636 1013 Yucataniae
650 998 665 1021 ‚
683 970 828 1013 Sancta:
846 967 987 1016 Fidei,
1003 966 1197 1022 S.Jacobi
1215 963 1267 1008 de
1282 963 1398 1007 Cuba
1412 990 1426 1013 ,
1457 963 1698 1022 Chiappenfi
1710 991 1726 1015 ‚
1752 963 2104 1023 Angelopolitano
2119 962 2336 1016 ,Venno-

289 1024 388 1075 lano
400 1058 415 1082 ,
432 1028 739 1086 Sanctijoannis
754 1027 807 1074 de
824 1030 953 1073 Portu
966 1025 1104 1071 Rivite
1116 1053 1131 1079 ,
1150 1025 1266 1068 Vera
1282 1023 1389 1082 pacis
1406 1024 1487 1066 &c.

1232 1158 2324 1181 ——————a*—

294 1267 560 1336 capucium
603 1279 802 1337 quatuor
845 1266 890 1316 in
921 1263 1163 1316 Mexicum
1211 1259 1272 1311 ad,
1331 1274 1419 1303 cam
1436 1258 1762 1303 Benedictionem
1780 1268 2040 1316 peramanter
2059 1257 2330 1313 impertimur.

361 1337 673 1406 colligendam
695 1356 781 1407 pro
809 1334 1032 1389 Missione
1053 1331 1271 1386 Thibeta·

296 1409 299 1412 ’
364 1424 423 1457 na
448 1406 542 1457 ὅτε.
578 1406 740 1477 stipem
760 1409 997 1478 ablegatos
1032 1403 1276 1472 Archiepi-

1449 1321 1599 1361 Datum
1615 1318 1757 1361 Romae
1782 1317 1887 1373 apud
1905 1320 2092 1360 Sanctam
2121 1319 2338 1358 Mariam-2

1337 1376 1539 1433 Major-em
1571 1376 1641 1420 sub
1673 1375 1842 1421 Annulo
1879 1374 2094 1419 Piscatoris
2140 1374 2207 1415 die
2258 1386 2328 1414 xv.

1336 1436 1491 1493 Aprilis
1505 1450 1786 1480 unccxxxtx.
1800 1432 2070 1479 Pontificatus
2093 1431 2222 1476 nostri
2240 1433 2333 1473 An-

293 1533 297 1536 *
359 1475 486 1547 scopi
506 1476 778 1550 benignitati
792 1479 944 1532 denuo
959 1474 1275 1528 commendat.
1338 1510 1395 1542 no
1421 1499 1573 1540 Nono,

289 1605 345 1653 A'
361 1613 494 1663 tergo.
505 1607 804 1660 Vener-Fran),
818 1606 1112 1666 Arcbiepistopo
1128 1603 1279 1650 Mexict

291 1726 750 1778 CLEMENS
821 1727 1040 1778 PAPA
1112 1722 1281 1777 xll.

387 1853 625 1900 Venerabilis
643 1852 975 1910 Fraterfilutern
984 1879 999 1902 2
1014 1852 1068 1904 ὰ
1083 1856 1194 1911 Apo,

514 1911 703 1969 scuticam
715 1912 1026 1957 Beneaffionear
1038 1939 1054 1951 .

435 2032 662 2086 Uamquam
678 2028 759 2088 jam
773 2038 895 2074 antea
910 2026 1178 2073 Fraternitati
1192 2027 1289 2069 'ruas

454 2089 679 2146 diligenter
709 2089 1090 2135 commendavimus
1112 2095 1289 2143 quatuor

444 2149 672 2205 Capucinos
700 2150 860 2194 Fratres
887 2177 903 2200 ,
929 2160 1031 2204 quos
1056 2159 1151 2189 cum
1181 2140 1290 2207 boni·

293 2207 524 2253 Chariffimi
549 2208 590 2251 in
620 2208 785 2250 christo
812 2207 907 2251 Filii
931 2204 1052 2250 nostri
1078 2201 1291 2247 Catholici

292 2267 422 2321 Regis
437 2263 552 2308 venii
566 2267 606 2308 in
622 2268 830 2308 Mexieum
852 2265 1114 2316 dimittimus,
1129 2260 1178 2303 ad
1192 2272 1290 2304 exo-

293 2325 443 2369 randas
482 2324 572 2379 pias
607 2323 888 2379 eleemosynas
925 2327 948 2369 a
977 2319 1289 2367 Venerabilibus

291 2383 476 2439 ejusdem
494 2383 689 2439 Regionis
714 2383 925 2427 Fratribus
953 2380 1191 2438 Episcopis‚
1221 2392 1289 2422 eo-

291 2455 466 2499 rumque
478 2440 727 2486 Dioecesanis
740 2469 756 2494 ‚
787 2455 873 2497 quae
884 2440 1211 2485 constituendum
1229 2439 1289 2481 sa-

293 2514 457 2546 eratum
471 2501 513 2543 in
526 2501 707 2544 Thibcto
722 2529 738 2552 ,
770 2501 906 2552 Sinis,
939 2500 1134 2555 Mogole‚
1170 2497 1288 2541 finiti-

297 2557 451 2616 misque
465 2559 690 2603 Provinciis
706 2557 933 2604 Miffionum
961 2559 1289 2615 patrimonium

295 2615 546 2675 amplificare
557 2616 706 2662 debent
723 2646 738 2669 ‚
763 2628 807 2660 ut
833 2631 957 2674 nuper
974 2618 1067 2662 Tibi
1082 2615 1292 2661 renuntia·

295 2681 425 2723 vimus
449 2687 467 2731 ς
509 2676 644 2720 iisdem
665 2687 801 2720 tamen
823 2676 1044 2732 Capueinis
1083 2676 1213 2720 Sociis
1244 2672 1295 2716 ab

296 2740 467 2792 Europa
483 2750 587 2779 nunc
614 2735 916 2779 discedentibus
942 2736 1043 2780 dare
1075 2736 1221 2780 iterum
1239 2730 1294 2776 ad

296 2796 360 2841 Te
375 2797 556 2848 litteras,
572 2795 748 2837 animum
766 2794 943 2839 libenter
961 2795 1189 2840 induximus
1204 2824 1218 2846 ,
1244 2801 1293 2836 ut

293 2854 475 2912 repetita
485 2853 841 2899 commendatione
867 2854 1114 2902 luculentius
1134 2851 1289 2898 intelli·

295 2929 368 2972 gas
383 2941 398 2965 ‚
412 2916 502 2969 Nos
518 2912 611 2956 Tibi
623 2923 831 2970 acceptum
848 2913 1048 2959 relaturos
1062 2942 1076 2965 ,
1092 2910 1289 2972 quicquid

296 2977 339 3017 in
355 2985 426 3016 eos
443 2981 518 3015 tuae
532 2971 793 3029 benignitatis
822 2973 1048 3018 contuleris
1063 3003 1076 3027 ‚
1097 2976 1138 3018 δι
1163 2985 1290 3031 quan·

298 3043 389 3077 tum
405 3030 613 3074 facilitatis
627 3031 651 3074 ὲ
664 3030 831 3076 consilio
854 3035 1172 3091 auctoritateque
1186 3042 1290 3076 tua„

299 3091 392 3148 ἱρῆς
425 3090 637 3134 obvenerit
664 3090 717 3134 ad
734 3100 863 3136 tante
887 3094 1077 3137 utilitatis
1105 3093 1292 3149 tantique

303 3150 497 3194 momenti
517 3151 723 3206 negotium
741 3151 841 3196 istud
856 3152 1079 3208 gerendum
1090 3183 1100 3195 .
1117 3156 1292 3198 Eorum-

301 3211 395 3255 dem
424 3209 519 3252 Tibi
541 3209 706 3252 nomina
729 3210 977 3256 recensemus
992 3241 1006 3263 ‚
1031 3211 1291 3267 scilicetJoa-

301 3270 413 3314 cbim
426 3270 451 3312 a
466 3269 718 3320 Barcinone‚
733 3270 879 3314 Paulus
896 3272 1025 3315 Maria
1039 3274 1063 3318 a
1079 3271 1290 3319 Matelicas

302 3328 507 3373 Antonius
520 3331 541 3372 a
557 3329 778 3372 Bertonico
791 3355 806 3380 ,
825 3331 1012 3384 Quartus
1026 3330 1047 3373 ὶ
1060 3331 1211 3374 dilecto
1227 3329 1291 3372 Fi-

301 3387 366 3439 lio
380 3389 514 3430 nostro
527 3386 740 3432 Cardinali
765 3388 816 3430 de
832 3389 984 3432 Molina
997 3389 1270 3446 delignabitur
1282 3415 1294 3426 ·

303 3447 394 3489 Hac
409 3458 544 3489 autem
557 3447 598 3488 in
616 3460 661 3489 re
676 3446 775 3488 nihil
791 3447 903 3490 aliud
924 3448 946 3490 a
966 3449 1294 3493 maternitate-³

307 3513 379 3555 tua
401 3510 683 3561 expectamus,
709 3507 830 3562 quam
851 3507 964 3563 quod
987 3508 1037 3550 ab
1058 3510 1208 3552 eximio
1223 3516 1297 3548 tuo

303 3562 346 3604 in
363 3566 448 3605 Nos
463 3567 767 3625 Romanamque
782 3566 930 3610 Sedem
945 3567 1138 3625 obsequio
1153 3567 1294 3609 usuve-
1310 3570 1312 3572 ’

300 3621 392 3664 nire
416 3622 605 3679 prompte
633 3624 684 3667 ad
708 3626 985 3670 obediendum
1013 3627 1136 3670 animi
1169 3625 1297 3678 solet3

297 3681 367 3723 cui
387 3681 550 3734 quidem
575 3683 769 3737 (iugulari
797 3685 1093 3729 benevolentia
1125 3684 1291 3740 respon-

294 3737 438 3784 dentes
451 3769 468 3794 ,
485 3741 606 3795 Tibi,
623 3744 881 3791 Venerabilis
899 3749 1048 3792 Frater
1062 3773 1076 3797 2
1090 3741 1292 3803 Apostoli-

1399 1615 1548 1668 Antog.
1566 1613 1611 1654 In
1642 1615 1787 1654 secret.
1805 1616 1921 1653 Brea.
1937 1611 1988 1654 ad
2017 1610 2225 1669 Principes
2244 1608 2340 1662 Reg.

1461 1670 1582 1728 merus:
1592 1672 1645 1723 o·
1656 1674 1755 1714 anni
1767 1670 1886 1728 prfd.
1894 1667 2030 1729 fbl.4a
2036 1684 2078 1728 9.

1346 1915 1407 1963 In
1450 1908 1557 1960 casu
1589 1912 1754 1961 mortis
1783 1908 2347 1978 Archiepil'copiMexici,

1418 1981 1647 2049 Capucini
1666 1980 1867 2048 prandisti
1886 1982 2111 2049 Capitulo
2134 1976 2348 2029 Ecclefiae

1420 2052 1713 2104 cathedralis
1753 2052 1926 2104 ibidem
1961 2068 2047 2121 pro
2078 2047 2349 2101 eodemfine

1420 2123 1808 2173 commendantur
1820 2158 1836 2175 .

1350 2259 1541 2317 A'tergo.
1558 2262 1724 2304 Ditem:
1739 2265 1870 2313 filus,
1886 2262 2069 2316 capitula
2084 2259 2135 2310 θ’
2149 2261 2351 2307 Cenabis

1531 2321 1783 2367 cathedram
1804 2323 1979 2380 Ecclefie
1996 2324 2149 2369 Mexici
2159 2349 2174 2364 .

1403 2444 1815 2497 CLEMENS
1868 2446 2086 2497 PAPA
2138 2445 2298 2495 xlr.

1440 2560 1595 2606 Ditem
1611 2559 1896 2620 Filiifiluteu
1906 2592 1920 2615 ,
1936 2564 1987 2613 θ’
2005 2562 2268 2622 Apostolum

1678 2623 1996 2667 Benediffionm
2008 2650 2023 2664 .

1465 2739 1547 2782 Um
1563 2737 1602 2781 in
1619 2735 1921 2782 remotissimam
1935 2737 2234 2796 expeditionem
2253 2736 2355 2782 istuc

1491 2800 1699 2844 mittamus
1733 2808 1910 2855 quatuor
1935 2800 2247 2855 Capucinorum
2277 2799 2357 2841 Fa—

1348 2858 1473 2901 miliae
1499 2858 1727 2910 Alumnos,
1757 2867 1800 2899 ut
1817 2859 1839 2900 a
1862 2858 2083 2903 Mexicanis
2112 2856 2322 2913 Episcopis
2337 2883 2354 2908 ‚

1351 2930 1579 2975 eorumque
1600 2917 1872 2967 maneribus,
1896 2915 2057 2962 conscii
2081 2919 2122 2959 δι
2145 2924 2355 2959 annuente

1352 2974 1556 3021 Catholici
1574 2978 1697 3033 Regis
1716 2973 1922 3032 Maiestate
1937 3006 1951 3029 ,
1975 2977 2058 3032 pias
2071 2973 2354 3031 eleemosynas

1350 3036 1552 3092 colligant
1566 3036 1617 3080 ad
1636 3040 1780 3081 sacras
1797 3034 2001 3080 Miffiones
2021 3050 2092 3093 per
2107 3036 2347 3081 Thibetums

1348 3095 1467 3138 Sinas
1495 3122 1509 3144 ‚
1534 3097 1753 3154 Mogolem
1777 3123 1793 3147 s
1818 3093 2084 3153 finitimasque
2106 3095 2356 3139 Provincias

1350 3153 1518 3199 alendas
1536 3184 1551 3208 ,
1578 3157 1746 3200 evenire
1773 3155 1906 3210 potest
1933 3154 1955 3214 (
1968 3154 2079 3211 quod
2095 3167 2218 3198 omen
2244 3156 2357 3197 Deus

1350 3217 1541 3272 avertat)
1561 3226 1607 3259 ut
1634 3216 1918 3261 Venerabilem
1956 3217 2145 3258 Fratrem
2175 3212 2350 3255 Archie-

1352 3273 1559 3332 piscopum
1591 3276 1764 3319 vestrum
1782 3303 1798 3326 ‚
1823 3275 1890 3319 cui
1925 3273 2021 3316 illos
2048 3270 2353 3327 diligentissime

1355 3336 1752 3387 commendavimus,
1768 3334 1791 3376 ὲ
1808 3335 1909 3377 vivis
1924 3342 2111 3386 ereptum
2130 3330 2357 3381 inveniant;

1355 3394 1435 3436 hoc
1459 3409 1543 3438 uno
1555 3405 1711 3438 eventu
1731 3395 1793 3446 ,δι
1807 3407 1890 3436 non
1918 3391 2067 3438 aliter,
2095 3389 2256 3433 eosdem
2271 3391 2357 3432 Ca-

1358 3452 1531 3506 pucinos
1544 3454 1595 3497 ad
1611 3456 1695 3497 Vos
1709 3452 1858 3496 nostris
1885 3451 1993 3493 bisce
2020 3449 2171 3491 litteris
2189 3448 2358 3503 ablega-

1356 3522 1535 3563 mus,ut
1548 3512 1597 3555 ad
1616 3508 1952 3568 impofitumipfis
1978 3509 2187 3562 negotium
2215 3520 2357 3563 prom·

1355 3570 1425 3626 pte
1439 3584 1485 3613 ac
1502 3567 1993 3614 feliciterconficiendum
2024 3581 2103 3623 ope
2135 3566 2266 3611 vestra
2290 3565 2357 3621 ju·
2395 3624 2399 3627 ,

1358 3630 1459 3671 vetis
1473 3657 1489 3681 ,
1503 3644 1590 3672 rem
1611 3630 1668 3672 ita
1689 3627 1828 3670 faCturi
1847 3627 1981 3670 Nobis
2010 3636 2160 3680 praeter
2184 3625 2353 3670 modum

1352 3686 1638 3744 gratiffimam:
1664 3688 1696 3730 li
1720 3687 1810 3729 sunt
1831 3686 2018 3740 Joachim
2042 3687 2065 3729 a
2098 3686 2325 3731 Barcinone
2343 3713 2359 3736 ‚

1352 3746 1504 3792 Paulus
1530 3748 1664 3792 Maria
1686 3746 1707 3789 ὲ
1725 3745 1922 3791 Matelica
1937 3771 1952 3796 ,
1981 3746 2192 3790 Antonius
2215 3745 2237 3787 ὲ
2258 3747 2356 3788 Ber·

2153 3815 2298 3849 tonico
